%% This BibTeX bibliography file was created using BibDesk.
%% http://bibdesk.sourceforge.net/


%% Created for Philip Bille at 2011-04-28 20:07:39 +0200


%% Saved with string encoding Unicode (UTF-8)


@string{actai = {Acta Informatica}}

@string{alg = {Algorithmica}}

@string{amm = {American Mathematical Monthly}}

@string{cacm = {Comm. of the ACM}}

@string{combi = {Combinatorica}}

@string{cpm = {Symp. on Combinatorial Pattern Matching}}

@string{csurv = {ACM Computing Surveys}}

@string{dam = {Discrete Applied Mathematics}}

@string{esa = {European Symposium on Algorithms}}

@string{focs = {IEEE Symp. on Foundations of Computer Science}}

@string{iacntl = {Inform. and Control}}

@string{iacomp = {Information and Computation}}

@string{icalp = {International Colloquium on Automata, Languages, and Programming}}

@string{ieeecom = {IEEE Trans. on Commun.}}

@string{ieeei = {IEEE Trans. on Information Theory}}

@string{ipl = {Inform. Process. Lett.}}

@string{istcs = {Israeli Symp. on Theory of Computing and Systems}}

@string{jacm = {J. ACM}}

@string{jalgs = {J. Algorithms}}

@string{jcmplx = {J. Complexity}}

@string{jcss = {J. Comput. System Sci.}}

@string{lncs = {Lecture Notes in Computer Science}}

@string{mfcs = {Symp. on Mathematical Foundations of Computer Science}}

@string{mst = {Math. Systems Theory}}

@string{siadm = {SIAM J. Alg. Disc. Meth.}}

@string{siappm = {SIAM J. Appl. Math.}}

@string{sicc = {Annual Conference on Structures in Complexity Theory}}

@string{sicomp = {SIAM J. Comput.}}

@string{sidm = {SIAM J. Disc. Math.}}

@string{soda = {ACM-SIAM Symp. on Discrete Algorithms}}

@string{softpe = {Software Practice and Experience}}

@string{spaa = {ACM Symp. on Parallel Algorithms and Architectures}}

@string{stacs = {Symp. on Theoretical Aspects of Computer Science}}

@string{stoc = {ACM Symp. on Theory of Computing}}

@string{struct = {Structure in Complexity Theory}}

@string{swat = {Scandinavian Workshop on Algorithm Theory}}

@string{tcs = {Theoret. Comput. Sci.}}

@string{wads = {Workshop on Algorithms and Data Structures}}


@article{bille:2011,
	Author = {P. Bille},
	Journal = {J. Discrete Algorithms},
	Number = {1},
	Pages = {49-56},
	Title = {Fast searching in packed strings},
	Volume = {9},
	Year = {2011}}

@inproceedings{fl:2009,
	Author = {S. Faro and T. Lecroq},
	Booktitle = {Proceedings of the 35th  Conference on Current Trends in Theory and Practice of Computer Science (SOFSEM)},
	Title = {Efficient Pattern Matching on Binary Strings},
	Year = {2009}}

@inproceedings{kbn:2007,
	Author = {M. Ben-Nissan and S. Tomi Klein },
	Booktitle = {Proceedings of the 12th International Conference on implementation and Application of Automata (CIAA)},
	Pages = {130-143},
	Title = {Accelerating {B}oyer {M}oore Searches on Binary Texts},		Year = {2007}}

@inproceedings{fredriksson:2002,
	Author = {K. Fredriksson},
	Booktitle = {Proceedings of the 9th International Symposium on String Processing and Information Retrieval (SPIRE)},
	Pages = {44--57},
	Title = {Faster String Matching with Super-Alphabets},
	Year = {2002}}

@article{fredriksson:2003,
	Author = {K. Fredriksson},
	Journal = {IPL},
	Number = {4},
	Pages = {201--204},
	Title = {Shift-or string matching with super-alphabets},
	Volume = {87},
	Year = {2003},
	}

@article{tp:1997,
	Author = {J. Tarhio and H. Peltola},
	Journal = {Software Practice  Experience},
	Pages = {851--861},
	Title = {String matching in the {DNA} alphabet},
	Volume = {27},
	Year = {1997}}


@article{baezayates:1989,
	Address = {New York, NY, USA},
	Author = {R. A. Baeza-Yates},
	Date-Added = {2011-04-28 19:44:00 +0200},
	Date-Modified = {2011-04-28 19:44:23 +0200},
	Doi = {http://dx.doi.org/10.1002/spe.4380190305},
	Issn = {0038-0644},
	Journal = {Softw. Pract. Exper.},
	Number = {3},
	Pages = {257--271},
	Publisher = {John Wiley \& Sons, Inc.},
	Title = {Improved string searching},
	Volume = {19},
	Year = {1989},
	Bdsk-Url-1 = {http://dx.doi.org/10.1002/spe.4380190305}}

@misc{alon-private:10,
	Author = {Noga Alon},
	Title = {{private communications}},
	Year = {2010}}

@misc{porat-private:10,
	Author = {Ely Porat},
	Title = {{private communications}},
	Year = {2010}}

@unpublished{ejs:10,
	Author = {F. Ergun and H. Jowhari and M. Salgan},
	Note = {Manuscript},
	Title = {{Periodicity in Streams}},
	Year = {2010}}

@unpublished{cpt:11,
	Author = {Maxime Crochemore and Simon J. Puglisi and German Tischler},
	Note = {Manuscript},
	Title = {{Computing Rightmost Positions of Longest Previous Factors}},
	Year = {2011}}

	
@inproceedings{bgm:11,
  author    = {Dany Breslauer and
               Roberto Grossi and
               Filippo Mignosi},
  title     = {{Simple Real-Time Constant-Space String Matching}},
  booktitle = {CPM},
  year      = {2011},
  pages     = {173-183},
  ee        = {http://dx.doi.org/10.1007/978-3-642-21458-5_16},
  crossref  = {DBLP:conf/cpm/2011},
  bibsource = {DBLP, http://dblp.uni-trier.de}
}

@proceedings{DBLP:conf/cpm/2011,
  editor    = {Raffaele Giancarlo and
               Giovanni Manzini},
  title     = {Combinatorial Pattern Matching - 22nd Annual Symposium,
               CPM 2011, Palermo, Italy, June 27-29, 2011. Proceedings},
  booktitle = {CPM},
  publisher = {Springer},
  series    = {Lecture Notes in Computer Science},
  volume    = {6661},
  year      = {2011},
  isbn      = {978-3-642-21457-8},
  ee        = {http://dx.doi.org/10.1007/978-3-642-21458-5},
  bibsource = {DBLP, http://dblp.uni-trier.de}
}

@inproceedings{bg:11,
  author    = {Dany Breslauer and
               Zvi Galil},
  title     = {{Real-Time Streaming String-Matching}},
  booktitle = {CPM},
  year      = {2011},
  pages     = {162-172},
  ee        = {http://dx.doi.org/10.1007/978-3-642-21458-5_15},
  crossref  = {DBLP:conf/cpm/2011},
  bibsource = {DBLP, http://dblp.uni-trier.de}
}

	
	
	

@unpublished{bg:10,
	Author = {D. Breslauer and Z. Galil},
	Note = {Manuscript},
	Title = {{Real-Time Streaming String-Matching}},
	Year = {2010}}

@unpublished{bi-rt:11,
	Author = {D. Breslauer and G. Italiano},
	Note = {Manuscript},
	Title = {{Real-Time Inverted Index}},
	Year = {2011}}

@unpublished{bi-ukk:11,
	Author = {D. Breslauer and G. Italiano},
	Note = {Manuscript},
	Title = {{On Ukkonen's On-Line Suffix Tree Algorithm}},
	Year = {2011}}

@book{tarjan-book:85,
	Address = {Philadelphia, PA.},
	Author = {R.E. Tarjan},
	Publisher = {SIAM},
	Title = {{Data Structures and Network Algorithms}},
	Year = {1985}}

@book{intel-sse4:07,
	Author = {Intel},
	Publisher = {Intel Corporation},
	Title = {{Intel{\textregistered} SSE4 Programming Reference}},
	Year = {2007}}

@book{intel-optimization:11,
	Author = {Intel},
	Publisher = {Intel Corporation},
	Title = {{Intel{\textregistered} 64 and IA-32 Architectures Optimization Reference Manual}},
	Year = {2011}}

@article{dgm:94,
	Author = {M. Dubiner and Z. Galil and E. Magen},
	Journal = jacm,
	Title = {{Faster Tree Pattern Matching}},
	Volume = {41},
	Year = {1994}}

@article{bjlty:94,
	Author = {A. Blum and T. Jiang and M. Li and J. Tromp and M. Yanakakis},
	Journal = jacm,
	Number = {4},
	Pages = {630--647},
	Title = {{Linear Approximation of Shortest Superstrings}},
	Volume = {41},
	Year = {1994}}

@article{jl-dna:93,
	Author = {T. Jiang and M. Li},
	Journal = mst,
	Note = {To appear},
	Title = {{DNA sequencing and string learning}},
	Year = {1993}}

@article{myers:86,
	Author = {E. W. Myers},
	Journal = alg,
	Pages = {251--266},
	Title = {An {O(ND)} Difference Algorithm and Its Variations},
	Volume = {1},
	Year = {1986}}

@article{lv:89,
	Author = {G.M. Landau and U. Vishkin},
	Journal = jalgs,
	Pages = {157--169},
	Title = {Fast Parallel and Serial Approximate String Matching},
	Volume = {10},
	Year = {1989}}

@article{maier:78,
	Author = {D. Maier},
	Journal = jacm,
	Pages = {322--336},
	Title = {The Complexity of Some Problems on Subsequences and Supersequences},
	Volume = {25},
	Year = {1978}}

@article{ru:81,
	Author = {K. R\"aih\"a and E. Ukkonen},
	Journal = tcs,
	Pages = {187--198},
	Title = {{The Shortest Common Supersequence Problem over Binary Alphabet is NP--Complete}},
	Volume = {16},
	Year = {1981}}

@article{lv:86,
	Author = {G.M. Landau and U. Vishkin},
	Journal = tcs,
	Pages = {239--249},
	Title = {Efficient String Matching with k Mismatches},
	Volume = {43},
	Year = {1986}}

@book{sk-book:83,
	Address = {Reading, MA, U. S.A.},
	Author = {D. Sankoff and J. B. Kruskal editors},
	Publisher = {Addison-Wesley},
	Title = {Time Warps, String Edits, and Macromolecules: The Theory and Practice of Sequence Comparison},
	Year = {1983}}

@article{rpe:81,
	Author = {M. Rodeh and V. R. Pratt and S. Even},
	Journal = jacm,
	Pages = {16--24},
	Title = {Linear Algorithm for Data Compression via String Matching},
	Volume = {28},
	Year = {1981}}

@article{lz:76,
	Author = {A. Lempel and J. Ziv},
	Journal = ieeei,
	Pages = {75--81},
	Title = {On The Complexity of Finite Sequences},
	Volume = {IT-22},
	Year = {1976}}

@article{lz:77,
	Author = {A. Lempel and J. Ziv},
	Journal = ieeei,
	Pages = {337--343},
	Title = {A universal algorithm for sequential data compression},
	Volume = {IT-23},
	Year = {1977}}

@article{tarjan-uf:75,
	Author = {R.E. Tarjan},
	Journal = jacm,
	Pages = {215--225},
	Title = {Efficiency of a good but not linear set union algorithms},
	Volume = {22},
	Year = {1975}}

@article{amot:90,
	Author = {R.K. Ahuja and K. Mehlhorn and J.B. Orlin and R.E. Tarjan},
	Journal = jacm,
	Number = {2},
	Pages = {213--223},
	Title = {{Faster Algorithms for the Shortest Path Problem}},
	Volume = {37},
	Year = {1990}}

@article{ft:87,
	Author = {M.L. Fredman and R.E. Tarjan},
	Journal = jacm,
	Pages = {596--615},
	Title = {Fibonacci heaps and their uses in improved network optimization algorithms},
	Volume = {34},
	Year = {1987}}

@incollection{hopcroft:71,
	Address = {New York, U.S.A.},
	Author = {J.E. Hopcroft},
	Booktitle = {{Theory of Machines and Computation}},
	Editor = {Z. Kohavi and A. Paz},
	Pages = {189--196},
	Publisher = {Academic Press},
	Title = {{An $n \log n$ algorithm for minimizing states in a finite automaton}},
	Year = {1971}}

@incollection{mrs:95,
	Address = {Berlin, Germany},
	Author = {F. Mignosi and A. Restivo and S. Salemi},
	Booktitle = {Proc. 20th } # mfcs,
	Publisher = {Springer-Verlag},
	Series = lncs,
	Title = {{A Periodicity Theorem on Words and Applications}},
	Year = {1995}}

@incollection{cgpr:95,
	Address = {Berlin, Germany},
	Author = {M. Crochemore and L. G\c{a}sieniec and W. Plandowski and W. Rytter},
	Booktitle = {Proc. 12th } # stacs,
	Publisher = {Springer-Verlag},
	Series = lncs,
	Title = {{Two-Dimensional Pattern Matching in Linear Time and Small Space}},
	Year = {1995}}

@incollection{cg:94,
	Address = {Berlin, Germany},
	Author = {B.S. Chlebus and L. G\c{a}sieniec},
	Booktitle = {Proc. 11th } # stacs,
	Number = {775},
	Pages = {213--224},
	Publisher = {Springer-Verlag},
	Series = lncs,
	Title = {{Optimal pattern matching on meshes}},
	Year = {1994}}

@book{gusfield-book:95,
	Author = {D. Gusfield},
	Note = {In preparation},
	Title = {{Algorithms On Strings: A Dual View from Computer Science and Computational Molecular Biology (working title)}},
	Year = {1996}}

@book{waterman-book:95,
	Author = {M.S. Waterman},
	Publisher = {Chapman and Hall},
	Title = {{Introduction to Computational Biology: Maps, Sequences, and Genoms (Interdisciplinary Statistics)}},
	Year = {1995}}

@book{cr-book:94,
	Author = {M. Crochemore and W. Rytter},
	Publisher = {Oxford University Press},
	Title = {{Text Algorithms}},
	Year = {1994}}

@book{lesk-book:88,
	Editor = {A. Lesk},
	Publisher = {Oxford University Press},
	Title = {Computational Molecular Biology, Sources and Methods for Sequence Analysis},
	Year = {1988}}

@book{storer-book:88,
	Author = {J. Storer},
	Publisher = {Addison-Wesley},
	Title = {Data Compression: Methods and Theory},
	Year = {1988}}

@incollection{clcgjpr:92,
	Address = {Berlin, Germany},
	Author = {M. Crochemore and T. Lecroq and A. Czumaj and L. G\c{a}sieniec and S. Jarominek and W. Plandowski and W. Rytter},
	Booktitle = {Proc. 9th } # stacs,
	Number = {577},
	Pages = {589--600},
	Publisher = {Springer-Verlag},
	Series = lncs,
	Title = {{Speeding Up Two String-Matching Algorithms}},
	Year = {1992}}

@article{hs:86,
	Author = {S. Hart and M. Sharir},
	Journal = combi,
	Pages = {151--177},
	Title = {{Nonlinearity of Davenport-Schinzel sequences and generalized path compression schemes}},
	Volume = {6},
	Year = {1986}}

@article{gp:90,
	Author = {Z. Galil and K. Park},
	Journal = sicomp,
	Title = {{An Improved Algorithm for Approximate String Matching}},
	Volume = {19},
	Year = {1990}}

@article{rivest:77,
	Author = {R.V. Rivest},
	Journal = sicomp,
	Pages = {669--674},
	Title = {{On the Worst Case Behavior of String-Searching Algorithms}},
	Volume = {6},
	Year = {1977}}

@article{er:50,
	Author = {P. Erd{\"{o}}s and R. Rado},
	Journal = {J. London Math. Soc.},
	Pages = {249--255},
	Title = {{A Combinatorial Theorem}},
	Volume = {25},
	Year = {1950}}

@article{er:52,
	Author = {P. Erd{\"{o}}s and R. Rado},
	Journal = {Proc. London Math. Soc.},
	Pages = {417--439},
	Title = {{Combinatorial theorems on classifications of subsets of a given set}},
	Volume = {2},
	Year = {1952}}

@article{aa:91,
	Author = {N. Alon and Y. Azar},
	Journal = combi,
	Number = {2},
	Pages = {97--122},
	Title = {{Parallel Comparison Algorithms for Approximation Problems}},
	Volume = {11},
	Year = {1991}}

@article{aa:89,
	Author = {N. Alon and Y. Azar},
	Journal = sicomp,
	Number = {2},
	Pages = {258--267},
	Title = {{Finding an approximate maximum}},
	Volume = {18},
	Year = {1989}}

@article{av:87,
	Author = {Y. Azar and U. Vishkin},
	Journal = sicomp,
	Number = {3},
	Pages = {458--464},
	Title = {{Tight Comparison Bounds on the Complexity of Parallel Sorting}},
	Volume = {16},
	Year = {1987}}

@article{sv:90,
	Author = {B. Schieber and U. Vishkin},
	Journal = dam,
	Pages = {97--111},
	Title = {{Finding all nearest neighbors for convex polygons in parallel: a new lower bound technique and a matching algorithm}},
	Volume = {29},
	Year = {1990}}

@article{ap:90,
	Author = {Y. Azar and N. Pippenger},
	Journal = dam,
	Pages = {49--58},
	Title = {{Parallel Selection}},
	Volume = {27},
	Year = {1990}}

@article{akss:89,
	Author = {M. Ajtai and J. Koml\'{o}s and W.L. Steiger and Szemer\'{e}di},
	Journal = jcss,
	Pages = {125--133},
	Title = {{Optimal Parallel Selection Has Complexity $O(\log\log n)$}},
	Volume = {38},
	Year = {1989}}

@inproceedings{gmmr:94,
	Author = {D. Giammarresi and S. Mantaci and F. Mignosi and A. Restivo},
	Booktitle = {Proc. 13th World Computer Congress -- IFIP '94},
	Pages = {473--478},
	Title = {{A periodicity theorem for trees}},
	Year = {1994}}

@inproceedings{pstu:83,
	Author = {H. Peltola and H. Soderlund and J. Tarhio and E. Ukkonen},
	Booktitle = {Information Processing 83 (Proc. IFIP Congress)},
	Pages = {53--64},
	Title = {{Algorithms for some string matching problems arising in molecular genetics}},
	Year = {1973}}

@incollection{gmmr:95,
	Author = {D. Giammarresi and S. Mantaci and F. Mignosi and A. Restivo},
	Booktitle = {Proc. Workshop on Semigroups, Automata and Languages},
	Editor = {J. Almeida and P. Silva},
	Pages = {125--135},
	Publisher = {World Scientific Publishing Co.},
	Title = {{Congruences, automata and periodicities}},
	Year = {1995}}

@incollection{fp:74,
	Author = {M.J. Fischer and M.S. Paterson},
	Booktitle = {Complexity of Computation},
	Organization = {SIAM-AMS},
	Publisher = {American Mathematical Society},
	Pages = {113--125},
	Title = {String Matching and Other Products},
	Year = {1974}}

@article{hume:88,
	Author = {A. Hume},
	Journal = softpe,
	Pages = {1063--1072},
	Title = {{A} {T}ale of {T}wo {G}reps},
	Volume = {18},
	Year = {1988}}

@incollection{berstel:79,
	Address = {Berlin, Germany},
	Author = {J. Berstel},
	Booktitle = {Proc. 6th } # icalp,
	Number = {71},
	Pages = {16--25},
	Publisher = {Springer-Verlag},
	Series = lncs,
	Title = {Sur les mots sans carr\'e d\'efinis par un morphism},
	Year = {1979}}

@article{msm:85,
	Author = {S. Moran and M. Snir and U. Manber},
	Journal = jacm,
	Number = {4},
	Pages = {938--949},
	Title = {{Applications of Ramsey's Theorem to Decision Tree Complexity}},
	Volume = {32},
	Year = {1985}}

@article{fks:84,
	Author = {M.L. Fredman and J. Komlos and E. Szemeredi},
	Journal = jacm,
	Number = {3},
	Pages = {538--544},
	Title = {Storing a sparse table with {O}(1) worst case access time},
	Volume = {31},
	Year = {1984}}

@incollection{westbrook:92,
	Address = {Berlin, Germany},
	Author = {J. Westbrook},
	Booktitle = {Proc. 19th } # icalp,
	Number = {623},
	Pages = {342--353},
	Publisher = {Springer-Verlag},
	Series = lncs,
	Title = {{Fast Incremental Planarity Testing}},
	Year = {1992}}

@incollection{ragde:90,
	Address = {Berlin, Germany},
	Author = {P. Ragde},
	Booktitle = {Proc. 17th } # icalp,
	Number = {443},
	Pages = {774--751},
	Publisher = {Springer-Verlag},
	Series = lncs,
	Title = {The parallel simplicity of compaction and chaining},
	Year = {1990}}

@incollection{cgpr:94,
	Address = {Berlin, Germany},
	Author = {A. Czumaj and L. G\c{a}sieniec and M. Piotrow and W. Rytter},
	Booktitle = {Proc. 4th } # swat,
	Number = {824},
	Pages = {95--106},
	Publisher = {Springer-Verlag},
	Series = lncs,
	Title = {{Parallel and Sequential Approximations of Shortest Superstrings}},
	Year = {1995}}

@incollection{as:95,
	Address = {Berlin, Germany},
	Author = {C. Armen and C. Stein},
	Booktitle = {Proc. 4th } # wads,
	Number = {955},
	Pages = {494--505},
	Publisher = {Springer-Verlag},
	Series = lncs,
	Title = {{Improved Length Bounds for the Shortest Superstring problem}},
	Year = {1995}}

@incollection{bmr:93,
	Address = {Berlin, Germany},
	Author = {O. Berkman and Y. Matias and P. Ragde},
	Booktitle = {Proc. 3rd } # wads,
	Number = {709},
	Publisher = {Springer-Verlag},
	Series = lncs,
	Title = {{Triply-Logarithmic Upper and Lower Bounds for Minimum, Range Minima, and Related Problems with Integer Inputs}},
	Year = {1993}}

@incollection{dgmp:92,
	Address = {Berlin, Germany},
	Author = {M. Dietzfelbinger and J. Gil and Y. Matias and N. Pippenger},
	Booktitle = {Proc. 19th } # icalp,
	Number = {623},
	Publisher = {Springer-Verlag},
	Series = lncs,
	Title = {{Polynomial Hash Functions Are Reliable}},
	Year = {1992}}

@incollection{abg:92,
	Address = {Berlin, Germany},
	Author = {A. Apostolico and D. Breslauer and Z. Galil},
	Booktitle = {Proc. 19th } # icalp,
	Number = {623},
	Pages = {296--307},
	Publisher = {Springer-Verlag},
	Series = lncs,
	Title = {Optimal {P}arallel {A}lgorithms for {P}eriods, {P}alindromes and {S}quares},
	Year = {1992}}

@incollection{commentz-walter:79,
	Address = {Berlin, Germany},
	Author = {B. Commentz-Walter},
	Booktitle = {Proc. 6th } # icalp,
	No_Editor = {H. A. Maurer},
	Pages = {118--132},
	Publisher = {Springer-Verlag},
	Series = lncs,
	Title = {A String Matching Algorithm Fast on the Average},
	Year = {1979}}

@techreport{ccgjlpr:93,
	Address = {Marne la Vall\'{e}e, France},
	Author = {M. Crochemore and A. Czumaj and L. G\c{a}sieniec and S. Jarominek and T. Lecroq and W. Plandowski and W. Rytter},
	Institution = {Institut Gaspard Monge, Universit\'{e} de Marne la Vall\'{e}e},
	Number = {93--3},
	Title = {{Fast Practical Multi-Pattern Matching}},
	Year = {1993}}

@techreport{commentz-walterTR:79,
	Address = {Heidelberg, Germany},
	Author = {B. Commentz-Walter},
	Institution = {IBM Wissenschaftliches Zentrum},
	Number = {79.09.007},
	Title = {A String Matching Algorithm Fast on the Average},
	Year = {1979}}

@incollection{rabin:85,
	Address = {Berlin, Germany},
	Author = {M.O. Rabin},
	Booktitle = {Combinatorial Algorithms on Words},
	Editor = {A. Apostolico and Z. Galil},
	Pages = {279--288},
	Publisher = {Springer-Verlag},
	Series = {NATO ASI Series F},
	Title = {{D}iscovering {R}epetitions in {S}trings},
	Volume = {12},
	Year = {1985}}

@incollection{apostolico:85,
	Address = {Berlin, Germany},
	Author = {A. Apostolico},
	Booktitle = {Combinatorial Algorithms on Words},
	Editor = {A. Apostolico and Z. Galil},
	Pages = {85--96},
	Publisher = {Springer-Verlag},
	Series = {NATO ASI Series F},
	Title = {{T}he {M}yriad {V}irtues of {S}ubword {T}rees},
	Volume = {12},
	Year = {1985}}

@article{apostolico-context:84,
	Author = {A. Apostolico},
	Journal = {R.A.I.R.O. Informatique theorique},
	Number = {2},
	Pages = {147--159},
	Title = {On context constrained squares and repetitions in a string},
	Volume = {18},
	Year = {1984}}

@article{cv:78,
	Author = {Y. C\'{e}sari and M. Vincent},
	Journal = {C.R. Acad. Sci. Paris},
	Number = {A},
	Pages = {1175--1177},
	Title = {Une Caract\'erisation des mots p\'{e}riodiques},
	Volume = {286},
	Year = {1978}}

@article{galil-rt:81,
	Author = {Z. Galil},
	Journal = jacm,
	Number = {1},
	Pages = {134--149},
	Title = {{String Matching in Real Time}},
	Volume = {28},
	Year = {1981}}

@article{manacher:75,
	Author = {G. Manacher},
	Journal = jacm,
	Pages = {346--351},
	Title = {{A} new {L}inear-{T}ime ``{O}n-{L}ine'' {A}lgorithm for {F}inding the {S}mallest {I}nitial {P}alindrome of a {S}tring},
	Volume = {22},
	Year = {1975}}

@article{gs-palstar:78,
	Author = {Z. Galil and J. Seiferas},
	Journal = jacm,
	Number = {1},
	Pages = {102--111},
	Title = {A {L}inear-{T}ime {O}n-{L}ine {R}ecognition {A}lgorithm for ``{P}alstar''},
	Volume = {25},
	Year = {1978}}

@article{gms:80,
	Author = {J. Gallant and D. Maier and J. Storer},
	Journal = jcss,
	Pages = {50--58},
	Title = {{On Finding Minimal Length Superstrings}},
	Volume = {20},
	Year = {1980}}

@article{galil:78,
	Author = {Z. Galil},
	Journal = jcss,
	Number = {2},
	Pages = {140--157},
	Title = {{P}alindrome {R}ecognition in {R}eal {T}ime by a {M}ultitape {T}uring {M}achine},
	Volume = {16},
	Year = {1978}}

@article{bh:85,
	Author = {A. Borodin and J.E. Hopcroft},
	Journal = jcss,
	Pages = {130--145},
	Title = {Routing, merging and sorting on parallel models of comparison},
	Volume = {30},
	Year = {1985}}

@article{abf:94,
	Author = {A. Amir and G. Benson and M. Farach},
	Journal = sicomp,
	Number = {2},
	Pages = {313--323},
	Title = {{An alphabet-independent approach to two-dimensional pattern-matching}},
	Volume = {23},
	Year = {1994}}

@inproceedings{abf:92,
	Author = {A. Amir and G. Benson and M. Farach},
	Booktitle = {Proc. 24th } # stoc,
	No_Organization = {ACM},
	Pages = {59-68},
	Title = {{A}lphabet-{I}ndependent {T}wo-{D}imensional {M}atching},
	Year = {1992}}

@inproceedings{li:90,
	Author = {M. Li},
	Booktitle = {Proc. 31th } # focs,
	No_Organization = {IEEE},
	Pages = {125--134},
	Title = {{Toward a DNA sequencing theory}},
	Year = {1990}}

@inproceedings{ty:93,
	Author = {S.H. Teng and F. Yao},
	Booktitle = {Proc. 34th } # focs,
	No_Organization = {IEEE},
	Pages = {158--165},
	Title = {{Approximating Shortest Superstrings}},
	Year = {1993}}

@inproceedings{kps:94,
	Author = {S.R. Kosaraju and J. Park and C. Stein},
	Booktitle = {Proc. 35th } # focs,
	No_Organization = {IEEE},
	Title = {{Long Tours and Short Superstrings}},
	Year = {1994}}

@inproceedings{pp:09,
	Author = {B. Porat and E. Porat},
	Booktitle = {Proc. 50th } # focs,
	No_Organization = {IEEE},
	Pages = {315--323},
	Title = {{Exact And Approxiamate Pattern Matching In The Streaming Model}},
	Year = {2009}}

@inproceedings{ccgghmpr:93,
	Author = {R. Cole and M. Crochemore and Z. Galil and L. G\c{a}sieniec and R. Hariharan and S. Muthukrishnan and K. Park and W. Rytter},
	Booktitle = {Proc. 34th } # focs,
	No_Organization = {IEEE},
	Pages = {248--258},
	Title = {{Optimally fast parallel algorithms for preprocessing and pattern matching in one and two dimensions}},
	Year = {1993}}

@inproceedings{kosaraju:89,
	Author = {S.R. Kosaraju},
	Booktitle = {Proc. 30th } # focs,
	No_Organization = {IEEE},
	Pages = {178--183},
	Title = {{Fast Pattern Matching in Trees}},
	Year = {1989}}

@inproceedings{gp:92,
	Author = {Z. Galil and K. Park},
	Booktitle = {Proc. 33th } # focs,
	No_Organization = {IEEE},
	Pages = {247--256},
	Title = {{T}ruly {A}lphabet-{I}ndependent {T}wo-{D}imensional {P}attern {M}atching},
	Year = {1992}}

@inproceedings{gm:94,
	Author = {R. Giancarlo and F. Mignosi},
	Booktitle = {Proc. CAAP '94},
	Title = {{Generalizations of the periodicity Theorems of Fine and Wilf (to Cayley graphs of groups)}},
	Year = {1994}}

@inproceedings{bv-focs:89,
	Author = {O. Berkman and U. Vishkin},
	Booktitle = {Proc. 30th } # focs,
	No_Organization = {IEEE},
	Pages = {196--202},
	Title = {Recursive $*$-tree parallel data-structure},
	Year = {1989}}

@inproceedings{hariharan:94,
	Author = {R. Hariharan},
	Booktitle = {Proc. 26th } # stoc,
	No_Organization = {ACM},
	Pages = {290--299},
	Title = {{Optimal Parallel Suffix Tree Construction}},
	Year = {1994}}

@inproceedings{sv:94,
	Author = {S.C. Sahinalp and U. Vishkin},
	Booktitle = {Proc. 26th } # stoc,
	No_Organization = {ACM},
	Pages = {300--309},
	Title = {{Symmetry Breaking for Suffix Tree Construction}},
	Year = {1994}}

@inproceedings{galil-sm:92,
	Author = {Z. Galil},
	Booktitle = {Proc. 24th } # stoc,
	No_Organization = {ACM},
	Pages = {69--76},
	Title = {A {C}onstant-{T}ime {O}ptimal {P}arallel {S}tring-{M}atching {A}lgorithm},
	Year = {1992}}

@inproceedings{boppana:89,
	Author = {R. Boppana},
	Booktitle = {Proc. 21st } # stoc,
	No_Organization = {ACM},
	Pages = {320--326},
	Title = {Optimal separation between concurrent-write parallel machines},
	Year = {1989}}

@inproceedings{hagerup:91,
	Author = {T. Hagerup},
	Booktitle = {Proc. 23rd } # stoc,
	No_Organization = {ACM},
	Pages = {299--306},
	Title = {{C}onstant-{T}ime {P}arallel {I}nteger {S}orting},
	Year = {1991}}

@inproceedings{torng:95,
	Author = {E. Torng},
	Booktitle = {Proc. 36th } # focs,
	No_Organization = {IEEE},
	Note = {To appear},
	Title = {{A Unified Analysis of Paging and Caching}},
	Year = {1995}}

@inproceedings{kp:94,
	Author = {E. Koutsoupias and C.H. Papadimitriou},
	Booktitle = {Proc. 35th } # focs,
	No_Organization = {IEEE},
	Pages = {394--400},
	Title = {{Beyond Competitive Analysis}},
	Year = {1994}}

@inproceedings{cgg:90,
	Author = {L. Colussi and Z. Galil and R. Giancarlo},
	Booktitle = {Proc. 31st } # focs,
	No_Organization = {IEEE},
	Pages = {135--143},
	Title = {On the exact complexity of string matching},
	Year = {1990}}

@inproceedings{eg:88,
	Author = {D. Eppstein and Z. Galil},
	Booktitle = {Ann. Rev. Comput. Sci.},
	Pages = {233--283},
	Title = {Parallel algorithmic techniques for combinatorial computation},
	Volume = {3},
	Year = {1988}}

@article{gg:88,
	Author = {Z. Galil and R. Giancarlo},
	Journal = {J. of Complexity},
	Pages = {32--72},
	Title = {Data Structures and Algorithms for Approximate String Matching},
	Volume = {4},
	Year = {1988}}

@inproceedings{kmr:72,
	Author = {R.M. Karp and R.E. Miller and A.L. Rosenberg},
	Booktitle = {Proc. 4th } # stoc,
	No_Organization = {ACM},
	Pages = {125--136},
	Title = {Rapid identification of repeated patterns in strings, trees and arrays},
	Year = {1972}}

@article{kr:87,
	Author = {R.M. Karp and M.O. Rabin},
	Journal = {IBM J. Res. Develop.},
	Number = {2},
	Pages = {249--260},
	Title = {Efficient randomized pattern matching algorithms},
	Volume = {31},
	Year = {1987}}

@incollection{slisenko:73,
	Author = {A.O. Slisenko},
	Booktitle = {{Problems in the Constructive Trend in Mathematics VI (Proceedings of the Steklov Institute of Mathematics, No. 129)}},
	Editor = {V.P. Orverkov and N.A. Sonin},
	Note = {English Translation by R.H. Silverman, pp. 25--208, Amer. Math. Soc., Providence, RI, 1976},
	Pages = {30--202},
	Publisher = {Academy of Sciences of the USSR},
	Title = {{Recognition of palindromes by multihead Turing machines}},
	Year = {1973}}

@incollection{slisenko:83,
	Author = {A.O. Slisenko},
	Booktitle = {{J. of Soviet Mathematics}},
	Pages = {1316-1386},
	Publisher = {Plenum Publishing Co.},
	Title = {{Detection of periodicities and string-matching in real time}},
	Year = {1983}}

@incollection{kr:90,
	Address = {Amsterdam, the Netherlands},
	Author = {R.M. Karp and V. Ramachandran},
	Booktitle = {Handbook of Theoretical Computer Science},
	Editor = {J. van Leeuwen},
	Pages = {869--941},
	Publisher = {Elsevier Science Publishers B. V.},
	Title = {Parallel Algorithms for Shared-Memory Machines},
	Year = {1990}}

@inproceedings{ch:92,
	Author = {R. Cole and R. Hariharan},
	Booktitle = {Proc. 33rd } # focs,
	Pages = {600--609},
	Title = {{T}ighter {B}ounds on the {E}xact {C}omplexity of {S}tring {M}atching},
	Year = {1992}}

@inproceedings{af:91,
	Author = {A. Amir and M. Farach},
	Booktitle = {Proc. 32th } # focs,
	No_Organization = {IEEE},
	Pages = {760--766},
	Title = {Adaptive dictionary matching},
	Year = {1991}}

@incollection{as:96,
	Address = {Berlin, Germany},
	Author = {C. Armen and C. Stein},
	Booktitle = {Proc. 7th } # cpm,
	Pages = {to appear},
	Publisher = {Springer-Verlag},
	Series = lncs,
	Title = {{A $2 {2\over 3}$-Approximation Algorithm for the Shortest Superstring Problem}},
	Year = {1996}}

@incollection{kr:95,
	Address = {Berlin, Germany},
	Author = {G. Kucherov and M. Rusinowitch},
	Booktitle = {Proc. 6th } # cpm,
	Number = {937},
	Pages = {230--247},
	Publisher = {Springer-Verlag},
	Series = lncs,
	Title = {{Matching a Set of Strings with Variable Length Don't Cares}},
	Year = {1995}}

@article{is:94,
	Author = {R.M. Idury and A.A. Sch{\"a}ffer},
	Journal = tcs,
	Pages = {295--310},
	Title = {{Dynamic dictionary-matching with failure functions}},
	Volume = {131},
	Year = {1994}}

@incollection{is:92,
	Address = {Berlin, Germany},
	Author = {R.M. Idury and A.A. Sch{\"a}ffer},
	Booktitle = {Proc. 3rd } # cpm,
	Number = {644},
	Pages = {276--287},
	Publisher = {Springer-Verlag},
	Series = lncs,
	Title = {{D}ynamic {D}ictionary-{M}atching with {F}ailure {F}unctions},
	Year = {1992}}

@inproceedings{imp:93,
	Address = {Berlin, Germany},
	Author = {C.S. Iliopoulos and D.W.G. Moore and K. Park},
	Booktitle = {Proc. 4th } # cpm,
	Number = {684},
	Pages = {54--62},
	Publisher = {Springer-Verlag},
	Series = lncs,
	Title = {{Covering a String}},
	Year = {1993}}

@inproceedings{rr:93,
	Address = {Berlin, Germany},
	Author = {M. R{\'e}gnier and L. Rostami},
	Booktitle = {Proc. 4th } # cpm,
	Number = {684},
	Pages = {215--227},
	Publisher = {Springer-Verlag},
	Series = lncs,
	Title = {{A Unifying Look at d-dimensional Periodicities and Space Coverings}},
	Year = {1993}}

@incollection{mohri:94,
	Address = {Berlin, Germany},
	Author = {M. Mohri},
	Booktitle = {Proc. 5th } # cpm,
	Number = {807},
	Pages = {151--163},
	Publisher = {Springer-Verlag},
	Series = lncs,
	Title = {{Minimization of Sequential Transducers}},
	Year = {1994}}

@incollection{mohri:95,
	Address = {Berlin, Germany},
	Author = {M. Mohri},
	Booktitle = {Proc. 6th } # cpm,
	Number = {937},
	Pages = {286--297},
	Publisher = {Springer-Verlag},
	Series = lncs,
	Title = {{Matching Patterns of An Automaton}},
	Year = {1995}}

@incollection{kosaraju-sq:94,
	Address = {Berlin, Germany},
	Author = {S.R. Kosaraju},
	Booktitle = {Proc. 5th } # cpm,
	Number = {807},
	Pages = {146--150},
	Publisher = {Springer-Verlag},
	Series = lncs,
	Title = {{Computation of Squares in a String}},
	Year = {1994}}

@unpublished{bjj:96,
	Author = {D. Breslauer and T. Jiang and Z. Jiang},
	Note = {Manuscript},
	Title = {{Rotation of Periodic Strings and Short Superstrings}},
	Year = {1996}}

@unpublished{as-b:95,
	Author = {C. Armen and C. Stein},
	Note = {Manuscript},
	Title = {{Short superstrings and the structure of overlapping strings}},
	Year = {1995}}

@unpublished{thorup:95,
	Author = {M. Thorup},
	Note = {Manuscript},
	Title = {{An $O(\log\log n)$ Priority Queue}},
	Year = {1995}}

@unpublished{gi:95,
	Author = {R. Grossi and G.F. Italiano},
	Note = {Manuscript},
	Title = {{Suffix Trees and their Applications in String Algorithms}},
	Year = {1995}}

@unpublished{cghmp:93,
	Author = {R. Cole and Z. Galil and R. Hariharan and S. Muthukrishnan and K. Park},
	Note = {Manuscript},
	Title = {{Parallel Two Dimensional Witness Computation}},
	Year = {1993}}

@unpublished{cghmr:93,
	Author = {M. Crochemore and L. G\c{a}sieniec and R. Hariharan and S. Muthukrishnan and W. Rytter},
	Note = {Manuscript},
	Title = {{A Constant Time Optimal Parallel Algorithm for Two Dimensional Pattern Matching}},
	Year = {1993}}

@unpublished{cggpr:94,
	Author = {M. Crochemore and Z. Galil and L. G\c{a}sieniec and K. Park and W. Rytter},
	Note = {Manuscript},
	Title = {{Constant-Time Randomized Parallel String Matching}},
	Year = {1994}}

@article{cggpr:97,
  author    = {Maxime Crochemore and
               Zvi Galil and
               Leszek Gasieniec and
               Kunsoo Park and
               Wojciech Rytter},
  title     = {{Constant-Time Randomized Parallel String Matching}},
  journal   = {SIAM J. Comput.},
  volume    = {26},
  number    = {4},
  year      = {1997},
  pages     = {950-960},
  bibsource = {DBLP, http://dblp.uni-trier.de}
}


@incollection{albers:93,
	Address = {Berlin, Germany},
	Author = {S. Albers},
	Booktitle = {Proc. 1st } # esa,
	Number = {726},
	Pages = {1--12},
	Publisher = {Springer-Verlag},
	Series = lncs,
	Title = {{The Influence of Lookahead in Competitive Paging Algorithms}},
	Year = {1993}}

@incollection{gp:94,
	Address = {Berlin, Germany},
	Author = {L. G\c{a}sieniec and K. Park},
	Booktitle = {Proc. 2nd } # esa,
	Number = {855},
	Pages = {471--482},
	Publisher = {Springer-Verlag},
	Series = lncs,
	Title = {{Work-Time Optimal Parallel Prefix Matching}},
	Year = {1994}}

@incollection{hm:94,
	Address = {Berlin, Germany},
	Author = {R. Hariharan and S. Muthukrishnan},
	Booktitle = {Proc. 21th } # icalp,
	Number = {820},
	Pages = {203--214},
	Publisher = {Springer-Verlag},
	Series = lncs,
	Title = {{Optimal Parallel Algorithms for Prefix Matching}},
	Year = {1994}}

@unpublished{amir:91,
	Author = {A. Amir},
	Note = {Manuscript},
	Title = {{Multidimensional Pattern Matching (A Survey of Serial Deterministic Algorithms)}},
	Year = {1991}}

@article{gls:92,
	Author = {D. Gusfield and G. Landau and B. Schieber},
	Journal = ipl,
	Pages = {181--185},
	Title = {{An efficient algorithms for the all pairs suffix-prefix problem}},
	Volume = {41},
	Year = {1992}}

@article{byr:93,
	Author = {R. Baeze-Yates and M. R{\'e}gnier},
	Journal = ipl,
	Pages = {51--57},
	Title = {{Fast two-dimensional pattern matching}},
	Volume = {45},
	Year = {1993}}

@article{galil:76,
	Author = {Z. Galil},
	Journal = ipl,
	Number = {4},
	Pages = {85--87},
	Title = {{Two fast simulations which imply some fast string matching and palindrome-recognition algorithms}},
	Volume = {4},
	Year = {1976}}

@inproceedings{giancarlo:93,
	Author = {R. Giancarlo},
	Booktitle = {Proc. 4th } # soda,
	Pages = {402--411},
	Title = {{T}he {S}uffix {T}ree of a {S}quare {M}atrix, with {A}pplications},
	Year = {1993}}

@article{turner:89,
	Author = {J. Turner},
	Journal = iacomp,
	Pages = {1--20},
	Title = {{Approximation Algorithms for the Shortest Common Superstring Problem}},
	Volume = {83},
	Year = {1989}}

@article{afils:95,
	Author = {A. Amir and M. Farach and R.M. Idury and J.A. La Poutr{\'e} and A.A. Sch{\"a}ffer},
	Journal = iacomp,
	Pages = {258--282},
	Title = {{I}mproved {D}ynamic {D}ictionary-{M}atching},
	Volume = {119},
	Year = {1995}}

@inproceedings{afils:93,
	Author = {A. Amir and M. Farach and R.M. Idury and J.A. La Poutr{\'e} and A.A. Sch{\"a}ffer},
	Booktitle = {Proc. 4th } # soda,
	Pages = {392--401},
	Title = {{I}mproved {D}ynamic {D}ictionary-{M}atching},
	Year = {1993}}

@article{afggp:94,
	Author = {A. Amir and M. Farach and Z. Galil and R. Giancarlo and K. Park},
	Journal = jcss,
	Title = {{Dynamic Dictionary Matching}},
	Year = {1994}}

@incollection{afm:92,
	Address = {Berlin, Germany},
	Author = {A. Amir and M. Farach and Y. Matias},
	Booktitle = {Proc. 3rd } # cpm,
	Number = {644},
	Pages = {262--275},
	Publisher = {Springer-Verlag},
	Series = lncs,
	Title = {{Efficient Randomized Dictionary-Matching Algorithms}},
	Year = {1992}}

@incollection{gpr:95,
	Address = {Berlin, Germany},
	Author = {L. G\c{a}sieniec and W. Plandowski and W. Rytter},
	Booktitle = {Proc. 6th } # cpm,
	Number = {937},
	Pages = {78--89},
	Publisher = {Springer-Verlag},
	Series = lncs,
	Title = {{Constant-space string matching with smaller number of comparisons: sequential sampling}},
	Year = {1995}}

@unpublished{ukkonen:92,
	Author = {Esko Ukkonen},
	Note = {Manuscript},
	Title = {Constructing suffix trees on-line in linear time},
	Year = {1992}}

@article{ukkonen:95,
	Author = {Esko Ukkonen},
	Journal = {Algorithmica},
	Number = {3},
	Pages = {249-260},
	Title = {On-Line Construction of Suffix Trees},
	Volume = {14},
	Year = {1995}}

@inproceedings{kosaraju:94,
	Author = {S. Rao Kosaraju},
	Booktitle = {STOC},
	Pages = {310-316},
	Title = {Real-time pattern matching and quasi-real-time construction of suffix trees (preliminary version)},
	Year = {1994}}

@inproceedings{an:08,
	Author = {Amihood Amir and Igor Nor},
	Booktitle = {SODA},
	Crossref = {soda:2008},
	Pages = {1086-1095},
	Title = {Real-time indexing over fixed finite alphabets},
	Year = {2008}}

@proceedings{soda:2008,
	Booktitle = {SODA},
	Editor = {Shang-Hua Teng},
	Publisher = {SIAM},
	Title = {Proceedings of the Nineteenth Annual ACM-SIAM Symposium on Discrete Algorithms, SODA 2008, San Francisco, California, USA, January 20-22, 2008},
	Year = {2008}}

@unpublished{kosaraju:92,
	Author = {S. Rao Kosaraju},
	Note = {Manuscript},
	Title = {{O}n the {C}onstruction of {S}uffix {T}rees},
	Year = {1992}}

@unpublished{ptz:94,
	Author = {M. Paterson and S. Tassa and U. Zwick},
	Note = {Manuscript},
	Title = {{Looking for MUM and DAD: text-text comparisons do help}},
	Year = {1995}}

@unpublished{breslauer-tradeoff:93,
	Author = {D. Breslauer},
	Note = {In preparation},
	Title = {{Trading Comparisons for Space in String Matching}},
	Year = {1993}}

@article{bg-xct:93,
	Author = {D. Breslauer and Z. Galil},
	Journal = jcmplx,
	Number = {3},
	Pages = {339--365},
	Title = {{E}fficient {C}omparison {B}ased {S}tring {M}atching},
	Volume = {9},
	Year = {1993}}

@techreport{crochemore-off:92,
	Address = {Marne la Vall\'{e}e, France},
	Author = {M. Crochemore},
	Institution = {Institut Gaspard Monge, Universit\'e de Marne la Vall\'ee},
	Number = {92.1},
	Title = {{Off-line serial exact string searching}},
	Year = {1992}}

@article{tu:88,
	Author = {J. Tarhio and E. Ukkonen},
	Journal = tcs,
	Pages = {131--145},
	Title = {{A greedy approximation algorithm for constructing shortest common superstrings}},
	Volume = {57},
	Year = {1988}}

@article{breslauer-prefsm:95,
	Author = {D. Breslauer},
	Journal = tcs,
	Number = {2},
	Pages = {269--278},
	Title = {{Fast Parallel String Prefix-Matching}},
	Volume = {137},
	Year = {1995}}

@article{breslauer-pquasi:94,
	Author = {D. Breslauer},
	Journal = ipl,
	Number = {5},
	Pages = {235--241},
	Title = {{Testing String Superprimitivity in Parallel}},
	Volume = {49},
	Year = {1994}}

@article{breslauer-dm:95,
	Author = {D. Breslauer},
	Journal = jalgs,
	Number = {2},
	Pages = {278--295},
	Title = {{Dictionary Matching on Unbounded Alphabets: Uniform Length Dictionaries}},
	Volume = {18},
	Year = {1995}}

@article{abg-pali:95,
	Author = {A. Apostolico and D. Breslauer and Z. Galil},
	Journal = tcs,
	Number = {1},
	Pages = {163--173},
	Title = {{Parallel Detection of all Palindromes in a String}},
	Volume = {141},
	Year = {1995}}

@article{bg-pp:95,
	Author = {D. Breslauer and Z. Galil},
	Journal = alg,
	Title = {{Finding all Periods and Initial Palindromes of a String in Parallel}},
	Year = {to appear}}

@inproceedings{edmonds:91,
	Author = {J. Edmonds},
	Booktitle = {Proc. 6st } # sicc,
	Pages = {322--331},
	Title = {{Lower Bounds With Smaller Domain Size On Concurrent Write Parallel Machines}},
	Year = {1991}}

@inproceedings{klp:89,
	Author = {Z. Kedem and G.M. Landau and K. Palem},
	Booktitle = {Proc. 1st } # spaa,
	Pages = {388--398},
	Title = {{Optimal Parallel Suffix-Prefix Matching Algorithm and Applications}},
	Year = {1989}}

@article{kruskal:83,
	Author = {C.P. Kruskal},
	Journal = {IEEE trans. on computers 32},
	Pages = {942--946},
	Title = {Searching, merging, and sorting in parallel computation},
	Volume = {32},
	Year = {1983}}

@article{lf:80,
	Author = {R.E. Ladner and M.J. Fischer},
	Journal = jacm,
	Number = {4},
	Pages = {831--838},
	Title = {Parallel Prefix Computation},
	Volume = {27},
	Year = {1980}}

@article{sv:81,
	Author = {Y. Shiloach and U. Vishkin},
	Journal = jalgs,
	Pages = {88--102},
	Title = {Finding the maximum, merging and sorting in a parallel computation model},
	Volume = {2},
	Year = {1981}}

@article{mccreight:76,
	Author = {E.M. McCreight},
	Journal = jacm,
	Pages = {262--272},
	Title = {A Space Economical Suffix Tree Construction Algorithm},
	Volume = {23},
	Year = {1976}}

@inproceedings{weiner:73,
	Author = {P. Weiner},
	Booktitle = {Proc. 14th Symposium on Switching and Automata Theory},
	No_Organization = {IEEE},
	Pages = {1--11},
	Title = {Linear pattern matching algorithms},
	Year = {1973}}

@article{gk:97,
	Author = {Robert Giegerich and Stefan Kurtz},
	Journal = {Algorithmica},
	Number = {3},
	Pages = {331-353},
	Title = {{From Ukkonen to McCreight and Weiner: A Unifying View of Linear-Time Suffix Tree Construction}},
	Volume = {19},
	Year = {1997}}

@article{af-2d:92,
	Author = {A. Amir and M. Farach},
	Journal = ipl,
	Pages = {223--239},
	Title = {Two-dimensional dictionary matching},
	Volume = {44},
	Year = {1992}}

@article{bird:77,
	Author = {R.S. Bird},
	Journal = ipl,
	Number = {5},
	Pages = {168--170},
	Title = {{T}wo {D}imensional {P}attern {M}atching},
	Volume = {6},
	Year = {1977}}

@article{afi:91,
	Author = {A. Apostolico and M. Farach and C.S. Iliopoulos},
	Journal = ipl,
	Pages = {17--20},
	Title = {Optimal superprimitivity testing for strings},
	Volume = {39},
	Year = {1991}}

@article{ukkonen:90,
	Author = {E. Ukkonen},
	Journal = alg,
	Pages = {313--323},
	Title = {{A Linear-Time Algorithm for Finding Approximate Shortest Common Superstrings}},
	Volume = {5},
	Year = {1990}}

@article{bdb:94,
	Author = {S. Ben-David and A. Borodin},
	Journal = alg,
	Pages = {73--91},
	Title = {{A New Measure for the Study of On-Line Algorithms}},
	Volume = {11},
	Year = {1994}}

@article{ms:91,
	Author = {L.A. McGeoch and D.D. Sleator},
	Journal = alg,
	Pages = {816--825},
	Title = {A Strongly Competitive Randomized Paging Algorithm},
	Volume = {6},
	Year = {1991}}

@article{ailsv:88,
	Author = {A. Apostolico and C. Iliopoulos and G.M. Landau and B. Schieber and U. Vishkin},
	Journal = alg,
	Pages = {347--365},
	Title = {Parallel construction of a suffix tree with applications},
	Volume = {3},
	Year = {1988}}

@article{bsv-smaller:93,
	Author = {O. Berkman and B. Schieber and U. Vishkin},
	Journal = jalgs,
	Pages = {344--370},
	Title = {{Some Doubly Logarithmic Parallel Algorithms Based on Finding All Nearest Smaller Values}},
	Volume = {14},
	Year = {1993}}

@article{du:83,
	Author = {J.P. Duval},
	Journal = jalgs,
	Pages = {363--381},
	Title = {{Factorizing Words over an Ordered Alphabet}},
	Volume = {4},
	Year = {1983}}

@inproceedings{cv:86,
	Author = {R. Cole and U. Vishkin},
	Booktitle = {Proc. 18th } # stoc,
	No_Organization = {ACM},
	Pages = {206--219},
	Title = {Deterministic coin tossing and accelerating cascades: micro and macro techniques for designing parallel algorithms},
	Year = {1986}}

@phdthesis{young-phd:91,
	Author = {N. Young},
	School = {Dept. of Computer Science, Princeton University},
	Title = {Competitive Paging and Dual-Guided On-Line Weighted Caching and Matching Algorithms},
	Year = {1991}}

@phdthesis{kopelowitz-phd:11,
	Author = {Tsvi Kopelowitz},
	School = {Dept. of Computer Science, Bar-Ilan University},
	Title = {{From Off-ine to On-line Indexing Data-Structures}},
	Year = {2011}}

@phdthesis{koutsoupias-phd:94,
	Author = {E. Koutsoupias},
	School = {Dept. of Computer Science and Engineering, University of California, San Diego},
	Title = {{On-Line Algorithms and the $k$-server Conjecture}},
	Year = {1994}}

@phdthesis{benson-phd:92,
	Author = {G.E. Benson},
	School = {Dept. of Computer Science, University of Maryland},
	Title = {Two-Dimensional Periodicity and Matching Algorithms},
	Year = {1992}}

@phdthesis{breslauer-phd:92,
	Address = {New York, NY},
	Author = {D. Breslauer},
	School = {Dept. of Computer Science, Columbia University},
	Title = {Efficient String Algorithmics},
	Year = {1992}}

@mastersthesis{breslauer-ms:88,
	Address = {Tel-Aviv, Israel},
	Author = {D. Breslauer},
	School = {Dept. of Computer Science, Tel-Aviv University},
	Title = {An optimal ${O}(\log\log n)$ time parallel string matching algorithm},
	Year = {1989}}

@mastersthesis{stoye:00,
	Address = {Bielefeld, Germany},
	Author = {Jens Stoye},
	Note = {Report 2000-04},
	School = {Technische Fakultat, Universitat Bielefeld},
	Title = {Affix Trees},
	Year = {2000}}

@phdthesis{giancarlo-phd:90,
	Address = {New York, NY},
	Author = {R. Giancarlo},
	School = {Dept. of Computer Science, Columbia University},
	Title = {Efficient Algorithms on Strings},
	Year = {1990}}

@article{cv:89,
	Author = {R. Cole and U. Vishkin},
	Journal = iacomp,
	Pages = {334--352},
	Title = {Faster optimal prefix sums and list ranking},
	Volume = {81},
	Year = {1989}}

@incollection{cook:72,
	Address = {Amsterdam, the Netherlands},
	Author = {S.A. Cook},
	Booktitle = {Information Processing 71},
	Pages = {75--80},
	Publisher = {North Holland Publishing Co.},
	Title = {Linear time simulation of deterministic two-way pushdown automata},
	Year = {1972}}

@article{cdr:86,
	Author = {S.A. Cook and C. Dwork and R. Reischuk},
	Journal = sicomp,
	Number = {1},
	Pages = {87--97},
	Title = {Upper and lower time bounds for parallel random access machines without simultaneous writes},
	Volume = {15},
	Year = {1986}}

@techreport{djl:91,
	Author = {B. De Jaco and F. Luccio},
	Institution = {Dipartimento di Informatica, Universit\`{a} di Pisa},
	Month = {February},
	Number = {3/91},
	Title = {{Finding all the Palindromes of a String in Linear Time and Space}},
	Year = {1991}}

@techreport{cgr:92,
	Author = {M. Crochemore and L. G\c{a}sieniec and W. Rytter},
	Institution = {Laboratoire Informatique Th{\'e}orique et Programmation, Universit\'{e} Paris 7, Paris, France},
	Month = {July},
	Number = {92.61},
	Title = {{T}urbo-{BM}},
	Year = {1992}}

@incollection{bct-esa:94,
	Address = {Berlin, Germany},
	Author = {D. Breslauer and L. Colussi and L. Toniolo},
	Booktitle = {Proc. 2nd } # esa,
	Number = {855},
	Pages = {483--494},
	Publisher = {Springer-Verlag},
	Series = lncs,
	Title = {{On the Exact Complexity of the String Prefix-Matching Problem}},
	Year = {1994}}

@article{hancart:93,
	Author = {C. Hancart},
	Journal = ipl,
	Number = {2},
	Pages = {95--99},
	Title = {{On Simon's string searching algorithm}},
	Volume = {47},
	Year = {1993}}

@article{bct:93,
	Author = {D. Breslauer and L. Colussi and L. Toniolo},
	Journal = ipl,
	Number = {1},
	Pages = {51--57},
	Title = {{T}ight {C}omparison {B}ounds for the {S}tring {P}refix-{M}atching {P}roblem},
	Volume = {47},
	Year = {1993}}

@article{lecroq:92,
	Author = {T. Lecroq},
	Journal = tcs,
	Pages = {119--144},
	Title = {{A variation on the Boyer-Moore algorithm}},
	Volume = {92},
	Year = {1992}}

@article{apostolico-sm:93,
	Author = {A. Apostolico},
	Journal = tcs,
	Pages = {331--344},
	Title = {Efficient {CRCW-PRAM} algorithms for universal substring searching},
	Volume = {108},
	Year = {1993}}

@article{apostolico-square:92,
	Author = {A. Apostolico},
	Journal = alg,
	Pages = {285--319},
	Title = {{O}ptimal {P}arallel {D}etection of {S}quares in {S}trings},
	Volume = {8},
	Year = {1992}}

@article{breslauer-quasi:92,
	Author = {D. Breslauer},
	Journal = ipl,
	Number = {6},
	Pages = {345--347},
	Title = {{An On-Line String Superprimitivity Test}},
	Volume = {44},
	Year = {1992}}

@article{ab-square:95,
	Author = {A. Apostolico and D. Breslauer},
	Journal = sicomp,
	Title = {{An Optimal $O(\log\log n)$ Time Parallel Algorithm for Detecting all Squares in a String}},
	Year = {to appear}}

@article{al:91,
	Author = {A. Amir and G.M. Landau},
	Journal = tcs,
	Pages = {97--115},
	Title = {{Fast parallel and serial multidimensional approximate array matching}},
	Volume = {81},
	Year = {1991}}

@article{gs-smfls:81,
	Author = {Z. Galil and J. Seiferas},
	Journal = tcs,
	Pages = {331--336},
	Title = {{Linear-time string-matching using only a fixed number of local storage locations}},
	Volume = {13},
	Year = {1981}}

@article{ap:83,
	Author = {A. Apostolico and F.P. Preparata},
	Journal = tcs,
	Pages = {297--315},
	Title = {Optimal off-line detection of repetitions in a string},
	Volume = {22},
	Year = {1983}}

@article{bh:89,
	Author = {P. Beame and J. Hastad},
	Journal = jacm,
	Number = {3},
	Pages = {643--670},
	Title = {Optimal Bound for Decision Problems on the {CRCW-PRAM}},
	Volume = {36},
	Year = {1989}}

@inproceedings{bbgsv:89,
	Author = {O. Berkman and D. Breslauer and Z. Galil and B. Schieber and U. Vishkin},
	Booktitle = {Proc. 21st } # stoc,
	No_Organization = {ACM},
	Pages = {309--319},
	Title = {Highly parallelizeable problems},
	Year = {1989}}

@article{brent:74,
	Author = {R.P. Brent},
	Journal = jacm,
	Pages = {201--206},
	Title = {Evaluation of general arithmetic expressions},
	Volume = {21},
	Year = {1974}}

@incollection{bg-survey:91,
	Address = {Berlin, Germany},
	Author = {D. Breslauer and Z. Galil},
	Booktitle = {{Proc. of the Sequences '91 Workshop: ``Sequences II: Methods in Communication, Security and Computer Science''}},
	Editor = {R. Capocelli and A. De Santis and U. Vaccaro},
	Pages = {121--142},
	Publisher = {Springer-Verlag},
	Title = {{P}arallel {S}tring {M}atching {A}lgorithms},
	Year = {1993}}

@incollection{cr-pp:91,
	Address = {Berlin, Germany},
	Author = {M. Crochemore and W. Rytter},
	Booktitle = {{Proc. of the Sequences '91 Workshop: ``Sequences II: Methods in Communication, Security and Computer Science''}},
	Editor = {R. Capocelli and A. De Santis and U. Vaccaro},
	Pages = {153--165},
	Publisher = {Springer-Verlag},
	Title = {{Periodic Prefixes in Texts}},
	Year = {1993}}

@inproceedings{pp:08,
	Author = {Rapha{\"e}l Clifford and Klim Efremenko and Benny Porat and Ely Porat},
	Booktitle = {CPM},
	Crossref = {cpm:2008},
	Ee = {http://dx.doi.org/10.1007/978-3-540-69068-9_15},
	Pages = {143-151},
	Title = {A Black Box for Online Approximate Pattern Matching},
	Year = {2008}}

@proceedings{cpm:2008,
	Booktitle = {CPM},
	Editor = {Paolo Ferragina and Gad M. Landau},
	Isbn = {978-3-540-69066-5},
	Publisher = {Springer},
	Series = {Lecture Notes in Computer Science},
	Title = {Combinatorial Pattern Matching, 19th Annual Symposium, CPM 2008, Pisa, Italy, June 18-20, 2008, Proceedings},
	Volume = {5029},
	Year = {2008}}

@article{baker:78,
	Author = {T.P. Baker},
	Journal = sicomp,
	Number = {4},
	Pages = {533--541},
	Title = {{A} {T}echnique for {E}xtending {R}apid {E}xact-{M}atch {S}tring {M}atching to {A}rrays of {M}ore than {O}ne {D}imension},
	Volume = {7},
	Year = {1978}}

@article{ht:84,
	Author = {D. Harel and R.E. Tarjan},
	Journal = sicomp,
	Pages = {338--355},
	Title = {Fast Algorithms for Finding Nearest Common Ancestors},
	Volume = {13},
	Year = {1984}}

@article{sv:88,
	Author = {B. Schieber and U. Vishkin},
	Journal = sicomp,
	Number = {6},
	Pages = {1253--1262},
	Title = {{On finding Lowest common ancestors: simplification and parallelization}},
	Volume = {17},
	Year = {1988}}

@article{bg-low:92,
	Author = {D. Breslauer and Z. Galil},
	Journal = sicomp,
	Number = {5},
	Pages = {856--862},
	Title = {{A} {L}ower {B}ound for {P}arallel {S}tring {M}atching},
	Volume = {21},
	Year = {1992}}

@article{bv:93,
	Author = {O. Berkman and U. Vishkin},
	Journal = sicomp,
	Number = {2},
	Pages = {221--242},
	Title = {{Recursive Star-Tree Parallel Data Structure}},
	Volume = {22},
	Year = {1993}}

@inproceedings{bg:91-USE-bg-low:92,
	Author = {D. Breslauer and Z. Galil},
	Booktitle = {Proc. 23rd } # stoc,
	No_Organization = {ACM},
	Pages = {439--443},
	Title = {A lower bound for parallel string matching},
	Year = {1991}}

@article{cr-suffix:90,
	Author = {M. Crochemore and W. Rytter},
	Journal = ipl,
	Pages = {121--128},
	Title = {{P}arallel {C}onstruction of {M}inimal {S}uffix and {F}actor {A}utomata},
	Volume = {35},
	Year = {1990}}

@article{crochemore:82,
	Author = {M. Crochemore},
	Journal = ipl,
	Pages = {221--226},
	Title = {Sharp Characterizations of squarefree morphisms},
	Volume = {18},
	Year = {1982}}

@article{crochemore:81,
	Author = {M. Crochemore},
	Journal = ipl,
	Number = {5},
	Pages = {244--250},
	Title = {An optimal algorithm for computing the repetitions in a word},
	Volume = {12},
	Year = {1981}}

@article{bbhecs:85,
	Author = {A. Blumer and J. Blumer and D. Haussler and A. Ehrenfeucht and M.T. Chen and J. Seiferas},
	Journal = tcs,
	Pages = {31--55},
	Title = {{T}he {S}mallest {A}utomaton {R}ecognizing the {S}ubwords of a {T}ext},
	Volume = {40},
	Year = {1985}}

@incollection{cs:85,
	Address = {Berlin, Germany},
	Author = {M.T. Chen and J. Seiferas},
	Booktitle = {Combinatorial Algorithms on Words},
	Editor = {A. Apostolico and Z. Galil},
	Pages = {97--107},
	Publisher = {Springer-Verlag},
	Series = {NATO ASI Series F},
	Title = {Efficient and elegant subword-tree construction},
	Volume = {12},
	Year = {1985}}

@article{crochemore:86,
	Author = {M. Crochemore},
	Journal = tcs,
	Pages = {63--86},
	Title = {Transducers and repetitions},
	Volume = {12},
	Year = {1986}}

@article{crochemore:92,
	Author = {M. Crochemore},
	Journal = tcs,
	Pages = {33--47},
	Title = {{String-matching on ordered alphabets}},
	Volume = {92},
	Year = {1992}}

@article{cr-kmr:91,
	Author = {M. Crochemore and W. Rytter},
	Journal = tcs,
	Pages = {59--82},
	Title = {Usefulness of the {K}arp-{M}iller-{R}osenberg algorithm in parallel computations on strings and arrays},
	Volume = {88},
	Year = {1991}}

@article{cr-square:91,
	Author = {M. Crochemore and W. Rytter},
	Journal = ipl,
	Pages = {57--60},
	Title = {Efficient Parallel Algorithms to Test Square-freeness and Factorize Strings},
	Volume = {38},
	Year = {1991}}

@article{ml:84,
	Author = {G.M. Main and R.J. Lorentz},
	Journal = jalgs,
	Pages = {422--432},
	Title = {An {$O(n\log n)$} algorithm for finding all repetitions in a string},
	Volume = {5},
	Year = {1984}}

@incollection{ml:85,
	Address = {Berlin, Germany},
	Author = {G.M. Main and R.J. Lorentz},
	Booktitle = {Combinatorial Algorithms on Words},
	Editor = {A. Apostolico and Z. Galil},
	Pages = {271--278},
	Publisher = {Springer-Verlag},
	Series = {NATO ASI Series F},
	Title = {Linear time recognition of squarefree strings},
	Volume = {12},
	Year = {1985}}

@inproceedings{bj:85,
	Author = {S.W. Bent and J.W. John},
	Booktitle = {Proc. 17th } # stoc,
	No_Organization = {ACM},
	Pages = {213--216},
	Title = {Finding the Median Requires 2n Comparisons},
	Year = {1985}}

@article{gz:94,
	Author = {T. Goldberg and U. Zwick},
	Journal = jalgs,
	Number = {2},
	Pages = {295--308},
	Title = {{Faster parallel string matching via larger deterministic samples}},
	Volume = {16},
	Year = {1994}}

@article{fklmsy:91,
	Author = {A. Fiat and R. Karp and M. Luby and L. McGeoch and D.D. Sleator and N.E. Young},
	Journal = jalgs,
	Pages = {685--699},
	Title = {{Competitive Paging Algorithms}},
	Volume = {12},
	Year = {1991}}

@article{belady:66,
	Author = {L.A. Belady},
	Journal = {IBM Systems Journal},
	Number = {2},
	Pages = {78--101},
	Title = {{A study of replacement algorithms for a virtual-storage computer}},
	Volume = {5},
	Year = {1966}}

@article{st:85,
	Author = {D.D. Sleator and R.E. Tarjan},
	Journal = cacm,
	Number = {2},
	Pages = {202--208},
	Title = {{Amortized Efficiency of List Update and Paging Rules}},
	Volume = {28},
	Year = {1985}}

@article{dial:69,
	Author = {R. Dial},
	Journal = cacm,
	Pages = {632--633},
	Title = {{Algorithm 360: Shortest path forest with topological ordering}},
	Volume = {12},
	Year = {1969}}

@article{colussi:94,
	Author = {L. Colussi},
	Journal = jalgs,
	Number = {2},
	Pages = {163--189},
	Title = {{Fastest Pattern Matching in Strings}},
	Volume = {16},
	Year = {1994}}

@unpublished{colussi-prop:91,
	Author = {L. Colussi},
	Note = {Unpublished manuscript},
	Title = {Combinatorial properties of strings},
	Year = {1991}}

@article{fj:59,
	Author = {L. R. Ford and S. M. Johnson},
	Journal = amm,
	Pages = {387--389},
	Title = {A Tournament Problem},
	Volume = {66},
	Year = {1959}}

@techreport{ae:90,
	Address = {Trento, Italy},
	Author = {A. Apostolico and A. Ehrenfeucht},
	Institution = {The Leonadro Fibonacci Institute},
	Number = {90.5},
	Title = {{E}fficient {D}etection of {Q}uasiperiodicities in {S}trings},
	Year = {1990}}

@techreport{kirkpatrick:74,
	Address = {Toronto, Canada},
	Author = {D.G. Kirkpatrick},
	Institution = {Dept. of Computer Science, University of Toronto},
	Title = {Topics in the Complexity of Combinatorial Algorithms},
	Year = {1974}}

@article{bem:79,
	Author = {D.R. Bean and A. Ehrenfeucht and G.F. McNulty},
	Journal = {Pacific J. Math.},
	Pages = {261--294},
	Title = {Avoidable patterns in strings of symbols},
	Volume = {85},
	Year = {1979}}

@article{bbhme:87,
	Author = {A. Blumer and J. Blumer and D. Haussler and R. McConnel and A. Ehrenfeucht},
	Journal = jacm,
	Number = {3},
	Pages = {578--595},
	Title = {Complete Inverted Files for Efficient Text Retrieval and Analysis},
	Volume = {34},
	Year = {1987}}

@article{kirkpatrick:81,
	Author = {D. G. Kirkpatrick},
	Journal = jacm,
	Pages = {150--165},
	Title = {A Unified Lower Bound for Selection and Set Partitioning Problems},
	Volume = {28},
	Year = {1981}}

@article{kislitsyn:64,
	Author = {S. S. Kislitsyn},
	Journal = {Sibirskii Mat. Zhurnal},
	Pages = {557--564},
	Title = {On the {S}election of the $k^{th}$ {E}lement of an {O}rdered {S}et by {P}airwise {C}omparison},
	Volume = {5},
	Year = {1964}}

@article{zt:89,
	Author = {R.F. Zhu and T. Takaoka},
	Journal = cacm,
	Number = {9},
	Pages = {1110--1120},
	Title = {{A Technique for Two-Dimensional Pattern Matching}},
	Volume = {32},
	Year = {1989}}

@article{pohl:72,
	Author = {I. Pohl},
	Journal = cacm,
	Pages = {462--464},
	Title = {A {S}orting {P}roblem and {I}ts {C}omplexity},
	Volume = {15},
	Year = {1972}}

@article{bv:94,
	Author = {O. Berkman and U. Vishkin},
	Journal = jcss,
	Pages = {214--230},
	Title = {{Finding Level-Ancestors in Trees}},
	Volume = {48},
	Year = {1994}}

@article{spp:76,
	Author = {A. Sch{\"o}nhage and M. Paterson and N. Pippenger},
	Journal = jcss,
	Pages = {184--199},
	Title = {Finding The Median},
	Volume = {13},
	Year = {1976}}

@article{schreier:32,
	Author = {J. Schreier},
	Journal = {Mathesis Polska},
	Pages = {154--160},
	Title = {On Tournament Elimination Systems},
	Volume = {7},
	Year = {1932}}

@article{yap:79,
	Author = {C. K. Yap},
	Journal = cacm,
	Pages = {501--508},
	Title = {New Upper Bounds for Selection},
	Volume = {19},
	Year = {1979}}

@article{ag:86,
	Author = {A. Apostolico and R. Giancarlo},
	Journal = sicomp,
	Number = {1},
	Pages = {98--105},
	Title = {The {B}oyer-{M}oore-{G}alil String Searching Strategies Revisited},
	Volume = {15},
	Year = {1986}}

@article{breslauer-cp:95,
	Author = {D. Breslauer},
	Journal = tcs,
	Number = {1},
	Pages = {177--192},
	Title = {{Saving Comparisons in the Crochemore-Perrin String Matching Algorithm}},
	Volume = {158},
	Year = {1996}}

@incollection{breslauer-cp-old:93,
	Address = {Berlin, Germany},
	Author = {D. Breslauer},
	Booktitle = {Proc. 1st } # esa,
	Number = {726},
	Pages = {61--72},
	Publisher = {Springer-Verlag},
	Series = lncs,
	Title = {{Saving Comparisons in the Crochemore-Perrin String Matching Algorithm}},
	Year = {1993}}

@article{colussi:91,
	Author = {L. Colussi},
	Journal = iacntl,
	Pages = {225--251},
	Title = {Correctness and Efficiency of String Matching Algorithms},
	Volume = {95},
	Year = {1991}}

@inproceedings{young-soda:91,
	Author = {N. Young},
	Booktitle = {Proc. 2nd } # soda,
	Pages = {241--250},
	Title = {{On-Line Caching as Cache Size Varies}},
	Year = {1991}}

@inproceedings{ab:92,
	Author = {A. Amir and G. Benson},
	Booktitle = {Proc. 3rd } # soda,
	Pages = {440--452},
	Title = {{Two-dimensional periodicity and its applications}},
	Year = {1992}}

@inproceedings{grove:95,
	Author = {E.F. Grove},
	Booktitle = {Proc. 6th } # soda,
	Pages = {430--436},
	Title = {{Online Bin Packing with Lookahead}},
	Year = {1995}}

@inproceedings{cole-soda:91,
	Author = {R. Cole},
	Booktitle = {Proc. 2nd } # soda,
	Pages = {224--233},
	Title = {{Tight Bounds on the Complexity of the {B}oyer-{M}oore Pattern Matching Algorithm}},
	Year = {1991}}

@article{cole-bm:94,
	Author = {R. Cole},
	Journal = sicomp,
	Number = {5},
	Pages = {1075--1091},
	Title = {{Tight Bounds on the Complexity of the {B}oyer-{M}oore String Matching Algorithm}},
	Volume = {23},
	Year = {1994}}

@article{cp:91,
	Author = {M. Crochemore and D. Perrin},
	Journal = jacm,
	Number = {3},
	Pages = {651--675},
	Title = {Two-way String-matching},
	Volume = {38},
	Year = {1991}}

@article{gg-low:91,
	Author = {Z. Galil and R. Giancarlo},
	Journal = sicomp,
	Number = {6},
	Pages = {1008--1020},
	Title = {On the exact complexity of string matching: lower bounds},
	Volume = {20},
	Year = {1991}}

@article{gg-up:92,
	Author = {Z. Galil and R. Giancarlo},
	Journal = sicomp,
	Number = {3},
	Pages = {407-437},
	Title = {The exact complexity of string matching: upper bounds},
	Volume = {21},
	Year = {1992}}

@article{go:80,
	Author = {L.J. Guibas and A.M. Odlyzko},
	Journal = sicomp,
	Number = {4},
	Pages = {672--682},
	Title = {{A New Proof of the Linearity of the {B}oyer-{M}oore String Matching Algorithm}},
	Volume = {9},
	Year = {1980}}

@article{go:81,
	Author = {L.J. Guibas and A.M. Odlyzko},
	Journal = {Journal of Combinatorial Theory, Series A},
	Pages = {19--42},
	Title = {Periods in Strings},
	Volume = {30},
	Year = {1981}}

@article{kmp:77,
	Author = {D.E. Knuth and J.H. Morris and V.R. Pratt},
	Journal = sicomp,
	Pages = {322--350},
	Title = {Fast pattern matching in strings},
	Volume = {6},
	Year = {1977}}

@article{chpz:95,
	Author = {R. Cole and R. Hariharan and M. Paterson and U. Zwick},
	Journal = sicomp,
	Number = {1},
	Pages = {30--45},
	Title = {{Tighter Lower Bounds on the Exact Complexity of String Matching}},
	Volume = {24},
	Year = {1995}}

@inproceedings{chpz-conf:93,
	Author = {R. Cole and R. Hariharan and M.S. Paterson and U. Zwick},
	Booktitle = {Proc. 2nd } # istcs,
	Pages = {59--68},
	Title = {Which patterns are hard to find},
	Year = {1993}}

@unpublished{zp:91,
	Author = {U. Zwick and M.S. Paterson},
	Note = {Manuscript},
	Title = {Lower bounds for string matching in the sequential comparison model},
	Year = {1991}}

@article{bg:90,
	Author = {D. Breslauer and Z. Galil},
	Journal = sicomp,
	Number = {6},
	Pages = {1051--1058},
	Title = {An optimal ${O}(\log\log n)$ time parallel string matching algorithm},
	Volume = {19},
	Year = {1990}}

@article{ac:75,
	Author = {A.V. Aho and M.J. Corasick},
	Journal = cacm,
	Number = {6},
	Pages = {333--340},
	Title = {Efficient String Matching: An Aid to Bibliographic Search},
	Volume = {18},
	Year = {1975}}

@incollection{aho:90,
	Address = {Amsterdam, the Netherlands},
	Author = {A.V. Aho},
	Booktitle = {Handbook of Theoretical Computer Science},
	Editor = {J. van Leeuwen},
	Pages = {257--300},
	Publisher = {Elsevier Science Publishers B. V.},
	Title = {{Algorithms for Finding Patterns in Strings}},
	Year = {1990}}

@article{thue:06,
	Author = {A. Thue},
	Journal = {Norske Vid. Selsk. Skr. Mat. Nat. Kl. (Cristiania)},
	Number = {7},
	Pages = {1--22},
	Title = {{\"{U}}ber unendliche Zeichenreihen},
	Volume = {{}},
	Year = {1906}}

@article{thue:12,
	Author = {A. Thue},
	Journal = {Norske Vid. Selsk. Skr. Mat. Nat. Kl. (Cristiania)},
	Number = {1},
	Pages = {1--67},
	Title = {{\"{U}}ber die gegenseitige Lage gleicher Teile gewisser Zeichenreihen},
	Volume = {{}},
	Year = {1912}}

@book{bergerson-book:73,
	Address = {New York},
	Author = {H.W. Bergerson},
	Publisher = {Dover},
	Title = {{P}alindromes and {A}nagrams},
	Year = {1973}}

@book{ps-book:82,
	Address = {Englewood Cliffs, New Jersey},
	Author = {C Papadimitriou and K. Steiglitz},
	Publisher = {Prentice-Hall},
	Title = {Combinatorial Optimization: Algorithms and Complexity},
	Year = {1982}}

@book{gby-book:91,
	Address = {Reading, MA, U.S.A.},
	Author = {G. Gonnet and R. Baeza-Yates},
	Publisher = {Addison-Wesley},
	Title = {Handbook of Algorithms and Data Structures, Second Edition},
	Year = {1991}}

@book{harrison-book:78,
	Address = {Reading, MA, U.S.A.},
	Author = {M. Harrison},
	Publisher = {Addison-Wesley},
	Title = {{I}ntroduction to {F}ormal {L}anguage {T}heory},
	Year = {1978}}

@book{jaja-book:92,
	Address = {Reading, MA, U.S.A.},
	Author = {J. J\'{a}j\'{a}},
	Publisher = {Addison-Wesley},
	Title = {{An Introduction to Parallel Algorithms}},
	Year = {1992}}

@book{lothaire-book:83,
	Address = {Reading, MA, U.S.A.},
	Author = {M. Lothaire},
	Booktitle = {Encyclopedia of Mathematics},
	Publisher = {Addison-Wesley},
	Title = {Combinatorics on {W}ords},
	Year = {1983}}

@book{grs-book:90,
	Address = {New York, NY, U.S.A.},
	Author = {R.L. Graham and B.L. Rothschild and J.H. Spencer},
	Publisher = {John Wiley \& Sons},
	Title = {{Ramsey Theory (Second Edition)}},
	Year = {1990}}

@article{fw:65,
	Author = {N.J. Fine and H.S. Wilf},
	Journal = {Proc. Amer. Math. Soc.},
	Pages = {109--114},
	Title = {Uniqueness theorems for periodic functions},
	Volume = {16},
	Year = {1965}}

@article{ls:62,
	Author = {R.C. Lyndon and M.P. Sch{\"u}tzenberger},
	Journal = {Michigan Math. J.},
	Pages = {289--298},
	Title = {The Equation $a^M= b^Nc^P$ in a free group},
	Volume = {9},
	Year = {1962}}

@book{ahu-book:74,
	Address = {Reading, MA},
	Author = {A.V. Aho and J.E. Hopcroft and J.D. Ullman},
	Publisher = {Addison-Wesley},
	Title = {The Design and Analysis of Computer Algorithms},
	Year = {1974}}

@book{amo-book:93,
	Address = {Englewood Cliffs, NJ},
	Author = {R.K. Ahuja and T.L. Magnanti and J.B. Orlin},
	Publisher = {Prentice Hall},
	Title = {Network Flows},
	Year = {1993}}

@book{ahu-book:83,
	Address = {Reading, MA, U.S.A},
	Author = {A.V. Aho and J.E. Hopcroft and J.D. Ullman},
	Publisher = {Addison-Wesley},
	Title = {Data Structures and Algorithms},
	Year = {1983}}

@book{gr-book:88,
	Address = {Cambridge, Great Britain},
	Author = {A. Gibbons and W. Rytter},
	Publisher = {Cambridge University Press},
	Title = {Efficient Parallel Algorithms},
	Year = {1988}}

@book{hu-book:79,
	Address = {Reading, MA, U.S.A.},
	Author = {J. E. Hopcroft and J. D. Ullman},
	Publisher = {Addison-Wesley},
	Title = {Introduction to Automata Theory, Languages and Computation},
	Year = {1979}}

@article{four-rus:70,
	Author = {V.L. Arlazarov and E.A. Dinic and M.A. Kronrod and I.A. Faradzev},
	Journal = {Soviet Math. Dokl.},
	Pages = {1209--1210},
	Title = {On Economic Construction of the Transitive Closure of a Directed Graph},
	Volume = {11},
	Year = {1970}}

@inproceedings{cobham:66,
	Author = {A. Cobham},
	Booktitle = {Conference Record, IEEE 7th Symp. on Switching and Automata Theory},
	Pages = {78--87},
	Title = {The recognition problem for the set of perfect squares},
	Year = {1966}}

@inproceedings{bfklt:79,
	Author = {A.B. Borodin and M.J. Fischer and D.G. Kirkpatrick and N.A. Lynch and M. Tompa},
	Booktitle = {Proc. 20th } # focs,
	Pages = {294--301},
	Title = {A time-space tradeoff for sorting on non-oblivious machines},
	Year = {1979}}

@article{bm:77,
	Author = {R.S. Boyer and J.S. Moore},
	Journal = cacm,
	Pages = {762--772},
	Title = {A fast string searching algorithm},
	Volume = {20},
	Year = {1977}}

@article{crochemore:89,
	Author = {M. Crochemore},
	Journal = {Bulletin of EATCS},
	Month = {October},
	Title = {String-Matching and Periods},
	Year = {1989}}

@article{fmw:87,
	Author = {F.E. Fich and F. {Meyer auf der Heide} and A. Wigderson},
	Journal = {Advances in Computing Research},
	Pages = {1--15},
	Title = {{Lower bounds for parallel random-access machines with unbounded shared memory}},
	Volume = {4},
	Year = {1987}}

@article{rssw:88,
	Author = {P. Ragde and W. Steiger and E. Szemer\'{e}di and A. Wigderson},
	Journal = sidm,
	Number = {3},
	Pages = {399--410},
	Title = {{The parallel complexity of element distinctness is $\Omega(\sqrt{\log n})$}},
	Volume = {1},
	Year = {1988}}

@article{mw:87,
	Author = {F. {Meyer auf der Heide} and A. Wigderson},
	Journal = sicomp,
	Number = {1},
	Pages = {100--107},
	Title = {{The complexity of parallel sorting}},
	Volume = {16},
	Year = {1987}}

@article{frw:88,
	Author = {F.E. Fich and R.L. Ragde and A. Wigderson},
	Journal = sicomp,
	Number = {3},
	Pages = {606--627},
	Title = {Relations between concurrent-write models of parallel computation},
	Volume = {17},
	Year = {1988}}

@article{frw-sim:88,
	Author = {F.E. Fich and P.L. Ragde and A. Wigderson},
	Journal = alg,
	Pages = {43--52},
	Title = {{Simulations among concurrent-write PRAMs}},
	Volume = {3},
	Year = {1988}}

@article{galil-opsm:85,
	Author = {Z. Galil},
	Journal = iacntl,
	Pages = {144--157},
	Title = {Optimal parallel algorithms for string matching},
	Volume = {67},
	Year = {1985}}

@article{gs:80,
	Author = {Z. Galil and J. Seiferas},
	Journal = sicomp,
	Pages = {417--438},
	Title = {Saving space in fast string-matching},
	Volume = {2},
	Year = {1980}}

@article{gs:83,
	Author = {Z. Galil and J. Seiferas},
	Journal = jcss,
	Pages = {280--294},
	Title = {Time-space-optimal string matching},
	Volume = {26},
	Year = {1983}}

@inproceedings{jl:93,
	Author = {T. Jiang and M. Li},
	Booktitle = {Proc. 25th } # stoc,
	No_Organization = {ACM},
	Note = {62--70},
	Title = {{$k$ One-way Heads Cannot Do String Matching}},
	Year = {1993}}

@unpublished{gl:90,
	Author = {M. Ger\'eb-Graus and M. Li},
	Note = {Manuscript},
	Title = {Three one-way heads cannot do string matching},
	Year = {1990}}

@unpublished{cm:95,
	Author = {A. Czumaj and F. Meyer auf der Heide},
	Note = {Manuscript},
	Title = {{A Lower Bound for String Matching on PRAM}},
	Year = {1995}}

@techreport{bd:95,
	Address = {DK-8000 Aarhus C, Denmark},
	Author = {D. Breslauer and D.P. Dubhashi},
	Institution = {BRICS, Department of Computer Science, University of Aarhus},
	Number = {RS--95--10},
	Title = {{Tranforming Comparison Model Lower Bounds to the Parallel--Random--Access--Machine}},
	Year = {1995}}

@inproceedings{bcdm:95,
	Author = {D. Breslauer and A. Czumaj and D.P. Dubhashi and F. Meyer auf der Heide},
	Booktitle = {Proceedings of the 5th Italian Conference on Theoretical Computer Science},
	Title = {{Tranforming Comparison Model Lower Bounds to the Parallel--Random--Access--Machine}},
	Year = {1995}}

@techreport{li:84,
	Author = {M. Li},
	Institution = {Cornell University, Department of Computer Science},
	Number = {TR 84--63},
	Title = {Lower bounds on string-matching},
	Year = {1984}}

@article{ly:86,
	Author = {M. Li and Y. Yesha},
	Journal = ipl,
	Pages = {231--235},
	Title = {String-matching cannot be done by a two-head one-way deterministic finite automaton},
	Volume = {22},
	Year = {1986}}

@article{rs:62,
	Author = {J. B. Rosser and L. Schoenfeld},
	Journal = {Illinois Journal of Mathematics},
	Pages = {64--94},
	Title = {Approximate formulas for some functions of prime numbers},
	Volume = {6},
	Year = {1962}}

@article{valiant:75,
	Author = {L.G. Valiant},
	Journal = sicomp,
	Pages = {348--355},
	Title = {Parallelism in comparison models},
	Volume = {4},
	Year = {1975}}

@article{vishkin:85,
	Author = {U. Vishkin},
	Journal = iacntl,
	Pages = {91--113},
	Title = {Optimal parallel pattern matching in strings},
	Volume = {67},
	Year = {1985}}

@article{vishkin:90,
	Author = {U. Vishkin},
	Journal = sicomp,
	Number = {1},
	Pages = {22--40},
	Title = {Deterministic sampling - A new technique for fast pattern matching},
	Volume = {20},
	Year = {1990}}

@techreport{rw:81,
	Address = {Pullman, WA},
	Author = {R. Ross and R. Winklmann},
	Institution = {Washington State University},
	Number = {CS-81-070},
	Title = {Repetitive strings are not context-free},
	Year = {1981}}

@techreport{kn:AxaMax89,
	Author = {A. Apostolico and M. Crochemore},
	Institution = {LITP, Universit\'{e} Paris 7, FRANCE},
	Number = {89.75},
	Title = {Optimal Canonization of All Substrings of a String},
	Year = {October 1989}}

@article{kn:Thom68,
	Author = {K. Thompson},
	Journal = cacm,
	Pages = {419--422},
	Title = {Regular Expression Search Algorithm},
	Volume = {11},
	Year = {1968}}

@article{kn:Feis73,
	Author = {H. Feistel},
	Journal = {Scientific American},
	Pages = {15--23},
	Title = {Cryptography and Computer Privacy},
	Volume = {228},
	Year = {1973}}

@article{kn:LH87,
	Author = {D. Lelewer and D. S. Hirschberg},
	Journal = csurv,
	Pages = {261--296},
	Title = {Data Compression},
	Volume = {19},
	Year = {1987}}

@article{kn:Welch84,
	Author = {T. A. Welch},
	Journal = {IEEE Computer},
	Pages = {8--19},
	Title = {A Technique For High Performance Data Compression},
	Volume = {17},
	Year = {1984}}

@article{kn:DifHel77,
	Author = {W. Diffie and M. E. Hellman},
	Journal = {IEEE Computer},
	Pages = {74--84},
	Title = {Exaustive cryptanalysis of the {NBS} data encription standard},
	Volume = {10},
	Year = {1977}}

@article{kn:MorSlWy,
	Author = {R. Morris and N. J.A. Sloane and A. D. Wyner},
	Journal = {Cryptologia},
	Pages = {281--306},
	Title = {Assessment of the {N}ational {B}ureau of {S}tandards proposed federal {D}ata {E}ncryption {S}tandard},
	Volume = {1},
	Year = {1977}}

@article{kn:DH76,
	Author = {W. Diffie and M. Hellman},
	Journal = ieeei,
	Pages = {644--654},
	Title = {New Directions in Cryptography},
	Volume = {IT-22},
	Year = {1976}}

@article{kn:LZiv78,
	Author = {J. Ziv and A. Lempel},
	Journal = ieeei,
	Pages = {530--578},
	Title = {Compression of Individual Sequences via Variable-Rate Coding},
	Volume = {IT-24},
	Year = {1978}}

@article{kn:Gall78,
	Author = {R. G. Gallager},
	Journal = ieeei,
	Pages = {668--674},
	Title = {Variation on a Theme by {H}uffman},
	Volume = {IT-24},
	Year = {1978}}

@article{kn:Huff52,
	Author = {D. A. Huffman},
	Journal = {Proc IRE},
	Pages = {1098--1101},
	Title = {A Method for the Construction of Minimum-Redundancy Codes},
	Volume = {40},
	Year = {1952}}

@article{kn:BerS86,
	Author = {G. Berry and R. Sethi},
	Journal = tcs,
	Pages = {117--126},
	Title = {From Regular Expressions to Deterministic Automata},
	Volume = {48},
	Year = {1986}}

@article{kn:MCY60,
	Author = {R. McNaughton and H. Yamada},
	Journal = {IRE Trans. on Electronic Comput.},
	Pages = {38--47},
	Title = {Regular Expressions and State Graph Automata},
	Volume = {EC9},
	Year = {1960}}

@article{kn:Tichy85,
	Author = {W. F. Tichy},
	Journal = softpe,
	Pages = {637--654},
	Title = {{RCS}- A System for Version Control},
	Volume = {15},
	Year = {1985}}

@article{kn:Tichy84,
	Author = {W. F. Tichy},
	Journal = {ACM Trans. Comp. Systems},
	Pages = {309--321},
	Title = {The String-to-String Correction Problem with Block Moves},
	Volume = {2},
	Year = {1984}}

@article{kn:Tha83,
	Author = {R. Thall},
	Journal = {Proc. Of ACM Computer Science Conf.},
	Title = {Large Scale Software Development with the {ADA} Language System},
	Year = {1983}}

@article{kn:Tei83,
	Author = {W. Teitelman},
	Journal = {LANL/LLNL Conf. on Work Stations},
	Title = {Cedar: An interactive programming environment for Compiler Oriented Language},
	Year = {1983}}

@article{kn:LebChase84,
	Author = {D. B. Leblang and R. P. Chase},
	Journal = {SIGPLAN Notices},
	Pages = {104--112},
	Title = {Computer Aided Software Engineering},
	Volume = {19},
	Year = {1984}}

@article{kn:Brown70,
	Author = {H. B. Brown},
	Journal = {NATO Conference on Software Engineering},
	Title = {The clear/caster system},
	Year = {1970}}

@article{kn:ROCH75,
	Author = {M. J. Rochkind},
	Journal = {IEEE Trans. on Software Engin.},
	Pages = {364--370},
	Title = {The Source Code Control System},
	Volume = {SE-1},
	Year = {1975}}

@article{kn:WIL,
	Author = {R. E. Wilber},
	Journal = jalgs,
	Pages = {418--425},
	Title = {The Concave Least Weight Subsequence Problem Revisited},
	Volume = {9},
	Year = {1988}}

@article{kn:Knuth85,
	Author = {D.E. Knuth},
	Journal = jalgs,
	Pages = {163--180},
	Title = {Dynamic {H}uffman Coding},
	Volume = {6},
	Year = {1985}}

@article{kn:Apo86,
	Author = {A. Apostolico},
	Journal = ipl,
	Pages = {63--69},
	Title = {Improving the Worst Case Performance of the {Hunt}-{S}zymanski Strategy for Longest Common Subsequence of Two Strings},
	Volume = {23},
	Year = {1986}}

@article{kn:AllisonD86,
	Author = {L. Allison and T. I. Dix},
	Journal = ipl,
	Pages = {305--310},
	Title = {A Bit-String Longest-Common-Subsequence Algorithm},
	Volume = {23},
	Year = {1986}}

@article{kn:Apo87,
	Author = {A. Apostolico},
	Journal = ipl,
	Pages = {235--236},
	Title = {Remark on the {H}su-{D}u New Algorithm for the Longest Common Subsequence Problem},
	Volume = {25},
	Year = {1987}}

@article{kn:BBFGLRST,
	Author = {H. S. Bilofsky and C. Burks and J. W. Fickett and W. B. Goad and F. I. Lewitter and W. P. Rindone and C. D. Swindel and C. S. Tung},
	Journal = {Nucleic Acid Research},
	Pages = {1--4},
	Title = {The GenBank Genetic Sequence Databank},
	Volume = {14},
	Year = {1986}}

@article{kn:Tar85,
	Author = {R. E. Tarjan},
	Journal = siadm,
	Pages = {306--318},
	Title = {Amortized Computational Complexity},
	Volume = {6},
	Year = {1985}}

@article{kn:SMAWK,
	Author = {A. Aggarwal and M. M. Klawe and S. Moran and P. Shor and R. E. Wilber},
	Journal = alg,
	Pages = {209--233},
	Title = {Geometric Applications of a Matrix-Searching Algorithm},
	Volume = {2},
	Year = {1987}}

@article{kn:AggarwalK,
	Author = {A. Aggarwal and M. M. Klawe},
	Journal = {Discr. Appl. Math.},
	Title = {Applications of Generalized Matrix Searching to Geometric Algorithms},
	Year = {to appear}}

@inproceedings{kn:FS83,
	Author = {W. M. Fitch and T. F. Smith},
	Booktitle = {National Academy of Sciences U. S.A.},
	Pages = {1382--1385},
	Title = {Optimal Sequence Alignment},
	Volume = {80},
	Year = {1983}}

@inproceedings{kn:Fall73,
	Author = {N. Faller},
	Booktitle = {7th Asilomar Conference on Circuits, Systems and Computers},
	Pages = {593--597},
	Title = {An Adaptive System for Data Compression},
	Year = {1973}}

@inproceedings{kn:Nuss-NAS,
	Author = {Ruth Nussinov and A. Jacobson},
	Booktitle = {National Academy of Sciences U. S.A.},
	Pages = {6309--6313},
	Title = {Fast Algorithm for Predicting the Secondary Structure of Single-Stranded {RNA}},
	Volume = {77},
	Year = {1980}}

@article{kn:SAL77,
	Author = {W. Salser},
	Journal = {Cold Spring Arbor Symposia on Quantitative Biology},
	Pages = {985--1002},
	Title = {Globin m{RNA} Sequences: Analysis of Base Pairing and Evolutionary Implications},
	Volume = {42},
	Year = {1977}}

@article{kn:ZUSA84,
	Author = {M. Zuker and D. Sankoff},
	Journal = {Bulletin of Mathematical Biology},
	Pages = {591--621},
	Title = {{RNA} Secondary Structures and Their Prediction},
	Volume = {46},
	Year = {1984}}

@article{kn:LM,
	Author = {D. S. Hirshberg and L. L. Larmore},
	Journal = sicomp,
	Pages = {628--638},
	Title = {The Least Weight Subsequence Problem},
	Volume = {16},
	Year = {1987}}

@article{kn:HL87,
	Author = {D.S Hirshberg and L. L. Larmore},
	Journal = jacm,
	Pages = {616--625},
	Title = {New Applications of Failure Functions},
	Volume = {34},
	Year = {1987}}

@article{kn:WSB76,
	Author = {M.S. Waterman and M. T. Smith and W. A. Bayer},
	Journal = {Advances in Mathematics},
	Pages = {367--387},
	Title = {Some Biological Sequence Metrics},
	Volume = {20},
	Year = {1976}}

@article{kn:WS78,
	Author = {M.S. Waterman and M.T. Smith},
	Journal = {Mathematical Biosciences},
	Pages = {257--266},
	Title = {{RNA} Secondary Structure: A Complete Mathematical Analysis},
	Volume = {42},
	Year = {1978}}

@article{kn:NPGK78,
	Author = {R. Nussinov and G. Piecznik and J. R. Grigg and D. J. Kleitman},
	Journal = siappm,
	Pages = {62--82},
	Title = {Algorithms for Loop Matchings},
	Volume = {35},
	Year = {1978}}

@article{kn:ZS81,
	Author = {M. Zuker and P. Stiegler},
	Journal = {Nucleic Acids Research},
	Pages = {133--148},
	Title = {Optimal Computer Folding of Large {RNA} Sequences Using Thermodynamics and Auxiliary Information},
	Volume = {9},
	Year = {1981}}

@article{kn:WAT84,
	Author = {M.S. Waterman},
	Journal = {Journal of Theoretical Biology},
	Pages = {333--337},
	Title = {Efficient Sequence Alignment Algorithms},
	Volume = {108},
	Year = {1984}}

@article{kn:GOT82,
	Author = {O. Gotoh},
	Journal = {Journal of Molecular Biology},
	Pages = {705--708},
	Title = {An Improved Algorithm for Matching of Biological Sequences},
	Volume = {162},
	Year = {1982}}

@article{kn:ChevSan75,
	Author = {V. Chvatal and D. Sankoff},
	Journal = {J. of Appl. Probab.},
	Pages = {306--315},
	Title = {Longest Common Subsequence of Two Random Sequences},
	Volume = {12},
	Year = {1975}}

@article{kn:Fredman75,
	Author = {M.L. Fredman},
	Journal = {Descrete Math.},
	Pages = {29--35},
	Title = {On Computing the Length of Longest Increasing Subsequences},
	Volume = {11},
	Year = {1975}}

@article{kn:HallD80,
	Author = {P. A.V. Hall and G. R. Dowling},
	Journal = csurv,
	Pages = {381--402},
	Title = {Approximate String Matching},
	Volume = {12},
	Year = {1980}}

@article{kn:K73,
	Author = {D.E. Knuth},
	Journal = actai,
	Pages = {14--25},
	Title = {Optimum Binary Search Trees},
	Volume = {1},
	Year = {1973}}

@article{kn:KP81,
	Author = {D.E. Knuth and M.F. Plass},
	Journal = softpe,
	Pages = {1119--1184},
	Title = {Breaking Paragraphs into Lines},
	Volume = {11},
	Year = {1981}}

@incollection{kn:SKMC83,
	Author = {D. Sankoff and J. B. Kruskal and S. Mainville and R. J. Cedergren},
	Booktitle = {Time Wraps, String Edits, and Macromolecules: The Theory and Practice of Sequence Comparison},
	Editor = {J. B. Kruskal and D. Sankoff},
	Pages = {93--120},
	Publisher = {Addison-Wesley},
	Title = {Fast Algorithms to Determine {RNA} Secondary Structures Containing Multiple Loops},
	Year = {1983}}

@book{kn:KS83,
	Editor = {J. B. Kruskal and D. Sankoff},
	Publisher = {Addison-Wesley},
	Title = {Time Wraps, String Edits, and Macromolecules: The Theory and Practice of Sequence Comparison},
	Year = {1983}}

@book{kn:Feigen,
	Editor = {J. Feigenbaum and M. Merritt},
	Publisher = {DIMACS Series on Discrete Mathematics and Theoretical Computer Science, Volume 2, AMS/ACM},
	Title = {Distributed Computing and Cryptography},
	Year = {1991}}

@book{kn:DDenning,
	Author = {D. Denning},
	Publisher = {Addison-Wesley},
	Title = {Cryptography and Data Security},
	Year = {1982}}

@book{kn:Bentley82,
	Author = {J. Bentley},
	Publisher = {Prentice Hall},
	Title = {Writing Efficient Programs},
	Year = {1982}}

@book{kn:Ralston78,
	Author = {A. Ralston and P. Rabinowitz},
	Publisher = {Mc Graw Hill},
	Title = {A First Course in Numerical Analysis},
	Year = {1978}}

@article{kn:SW80,
	Author = {T. F. Smith and M.S. Waterman},
	Journal = {Journal of Geology},
	Pages = {451--457},
	Title = {New Stratigraphic Correlation Techniques},
	Volume = {88},
	Year = {1980}}

@article{kn:SW80,
	Author = {T. F. Smith and M.S. Waterman},
	Journal = {Journal of Geology},
	Pages = {451--457},
	Title = {New Stratigraphic Correlation Techniques},
	Volume = {88},
	Year = {1980}}

@article{kn:USDSA,
	Journal = {National Bureau of Standards; Federal Information Prosessing Standard (FIPS). Publication no. 46.},
	Title = {Data {E}ncryption {S}tandard},
	Year = {1977}}

@article{kn:FY80,
	Author = {F. F. Yao},
	Journal = siadm,
	Pages = {532--540},
	Title = {Speed-up in Dynamic Programming},
	Volume = {3},
	Year = {1982}}

@article{kn:AG85,
	Author = {A. Apostolico and C. Guerra},
	Journal = alg,
	Pages = {315--336},
	Title = {The Longest Common Subsequence Problem Revisited},
	Volume = {2},
	Year = {1987}}

@book{kn:Brassard,
	Address = {New York, NY},
	Author = {G. Brassard},
	Series = lncs,
	Title = {Modern Cryptology: A Tutorial},
	Year = {1988}}

@book{kn:DEC82,
	Author = {Digital Equipment Corporation},
	Title = {{CMS/MMS}: {C}ode/{M}odule Management System},
	Year = {1982}}

@article{kn:SlTr83,
	Author = {D. D. Sleator and R. E. Tarjan},
	Journal = jcss,
	Pages = {362--391},
	Title = {A Data Structure for Dynamic Trees},
	Volume = {26},
	Year = {1983}}

@techreport{kn:BLLP87,
	Author = {A. A. Bertossi and E. Lodi and F. Luccio and L. Pagli},
	Institution = {Dipartimento di Informatica, Universita' di Pisa, Pisa, I56100 Italy},
	Title = {String Matching with Context Dependent Errors},
	Year = {1987}}

@inproceedings{kn:C86,
	Author = {R. Cole},
	Booktitle = {Proc. 27th } # focs,
	No_Organization = {IEEE},
	Pages = {511--516},
	Title = {Parallel Merge Sort},
	Year = {1986}}

@incollection{kn:CR84,
	Address = {Berlin, Germany},
	Author = {M. Crochemore},
	Booktitle = {Combinatorial Algorithms on Words},
	Editor = {A. Apostolico and Z. Galil},
	Pages = {31--44},
	Publisher = {Springer-Verlag},
	Series = {NATO ASI Series F},
	Title = {Optimal Factor Transducers},
	Volume = {12},
	Year = {1985}}

@article{kn:FW74,
	Author = {M.J. Fischer and R. Wagner},
	Journal = jacm,
	Pages = {168--178},
	Title = {The String to String Correction Problem},
	Volume = {21},
	Year = {1974}}

@inproceedings{kn:FW78,
	Author = {S. Fortune and J. Wyllie},
	Booktitle = {Proc. 10th } # stoc,
	No_Organization = {ACM},
	Pages = {114--118},
	Title = {Parallelism in Random Access Machines},
	Year = {1978}}

@incollection{galil-open:85,
	Address = {Berlin, Germany},
	Author = {Z. Galil},
	Booktitle = {Combinatorial Algorithms on Words},
	Editor = {A. Apostolico and Z. Galil},
	Pages = {1--8},
	Publisher = {Springer-Verlag},
	Series = {NATO ASI Series F},
	Title = {Open Problems in Stringology},
	Volume = {12},
	Year = {1984}}

@book{gusfield:97,
	Author = {Dan Gusfield},
	Isbn = {0-521-58519-8},
	Publisher = {Cambridge University Press},
	Title = {Algorithms on Strings, Trees, and Sequences - Computer Science and Computational Biology},
	Year = {1997}}

@article{kn:GG86a,
	Author = {Z. Galil and R. Giancarlo},
	Journal = {Sigact News},
	Pages = {52--54},
	Title = {Improved String Matching with k Mismatches},
	Volume = {17},
	Year = {1986}}

@article{kn:GG86b,
	Author = {Z. Galil and R. Giancarlo},
	Journal = tcs,
	Pages = {341--348},
	Title = {Parallel String Matching with k Mismatches},
	Volume = {51},
	Year = {1987}}

@article{kn:HS77,
	Author = {J. W. Hunt and T. G. Szymanski},
	Journal = cacm,
	Pages = {350--353},
	Title = {A Fast Algorithm for Computing Longest Common Subsequences},
	Volume = {20},
	Year = {1977}}

@article{kn:REWE84,
	Author = {J. A. Reeds and P. J. Weinberger},
	Journal = {AT\&T Bell Laboratories Tech. J.},
	Pages = {1673--1683},
	Title = {File security and the {U}nix system crypt command},
	Volume = {63},
	Year = {1984}}

@techreport{kn:HM85,
	Author = {J. Hershberger and E. Mayr},
	Institution = {Dept. of Computer Science, Stanford University, Stanford, CA.},
	Title = {Fast Sequential Algorithms to Find Shuffle Minimizing and Shortest Paths in a Shuffle Exchange Network},
	Year = {1985}}

@techreport{kn:HuMc76,
	Author = {J. W. Hunt and M. D. McIlroy},
	Institution = {Tech. Rep. 41, AT\&T Bell Laboratories, Murray Hill, NJ},
	Title = {An algorithm for Differential File Comparison},
	Year = {1976}}

@techreport{kn:NBS2,
	Institution = {National Bureau of Standards},
	Title = {Report on the 1976 {W}orkshop on estimation of significant advances in computer technology},
	Year = {1976}}

@article{kn:Valiant83,
	Author = {L. Valiant and S. Skyum and S. Berkowitz.and C. Rackoff},
	Journal = sicomp,
	Pages = {641--644},
	Title = {Fast parallel computation of polynomials using few processors},
	Volume = {12},
	Year = {1983}}

@article{kn:I84,
	Author = {A. G. Ivanov},
	Journal = {Izvestia Academee Nauk USSR Seria Matematiceskiya},
	Pages = {520--568},
	Title = {Distinguishing an Approximative Word's Inclusion on Turing Machine in Real Time},
	Volume = {48},
	Year = {1984}}

@article{kn:KMP76,
	Author = {D.E. Knuth and J.H. Morris and V.B. Pratt},
	Journal = sicomp,
	Pages = {189--195},
	Title = {Fast Pattern Matching in Strings},
	Volume = {6},
	Year = {1977}}

@book{kn:KNU73,
	Address = {Reading, MA, U.S.A.},
	Author = {D.E. Knuth},
	Publisher = {Addison-Wesley},
	Title = {The Art of Computer Programming, VOL. 3: Sorting and Searching},
	Year = {1973}}

@phdthesis{kn:L86,
	Address = {Tel-Aviv, Israel},
	Author = {G.M. Landau},
	School = {Dept. of Computer Science, Tel-Aviv University},
	Title = {String Matching in Erroneous Input},
	Year = {1986}}

@article{kn:LE66,
	Author = {V. I. Levenshtein},
	Journal = {Soviet Phys. Dokl.},
	Pages = {707--710},
	Title = {Binary Codes Capable of Correcting Deletions, Insertions and Reversals},
	Volume = {6},
	Year = {1966}}

@inproceedings{kn:LV85a,
	Author = {G.M. Landau and U. Vishkin},
	Booktitle = {Proc. 26th } # focs,
	No_Organization = {IEEE},
	Pages = {126--136},
	Title = {Efficient String Matching in the Presence of Errors},
	Year = {1985}}

@article{kn:Rytter88,
	Author = {W. Rytter},
	Journal = tcs,
	Pages = {297--307},
	Title = {On efficient parallel computations for some dynamic programming problems},
	Volume = {59},
	Year = {1988}}

@inproceedings{kn:LV86,
	Author = {G.M. Landau and U. Vishkin},
	Booktitle = {Proc. 18th } # stoc,
	No_Organization = {ACM},
	Pages = {220--230},
	Title = {Introducing Efficient Parallelism into Approximate String Matching and a New Serial Algorithm},
	Year = {1986}}

@book{kn:MEH84,
	Address = {Berlin},
	Author = {K. Mehlhorn},
	Publisher = {Springer-Verlag},
	Series = {EATCS Monographs on Theoretical Computer Science},
	Title = {Data Structures and Algorithms 1: Sorting and Searching},
	Year = {1984}}

@techreport{kn:MY86,
	Author = {E. W. Myers},
	Institution = {Dept. of Computer Science, University of Arizona, Tucson, AZ.},
	Title = {Incremental Alignment Algorithms and Their Applications},
	Year = {1986}}

@techreport{kn:MY88,
	Author = {E. W. Myers},
	Institution = {Dept. of Computer Science, University of Arizona, Tucson, AZ.},
	Title = {A {F}our {R}ussian Algorithm for Regular Expression Pattern Matching},
	Year = {1988}}

@techreport{kn:SV86,
	Author = {B. Schieber and U. Vishkin},
	Institution = {Dept. of Computer Science, School of Mathematical sciences, Tel-Aviv University, Tel-Aviv, Israel},
	Title = {On Finding Lowest Common Ancestors: Simplification and Parallelization},
	Year = {1986}}

@article{kn:UKK85a,
	Author = {E. Ukkonen},
	Journal = jalgs,
	Pages = {132--137},
	Title = {Finding Approximate Patterns in Strings},
	Volume = {6},
	Year = {1985}}

@article{kn:UKK85b,
	Author = {E. Ukkonen},
	Journal = iacntl,
	Pages = {100--118},
	Title = {Algorithms for Approximate String Matching},
	Volume = {64},
	Year = {1985}}

@inproceedings{kn:W73,
	Author = {P. Wiener},
	Booktitle = {Proc. 14th Symposium on Switching and Automata Theory},
	No_Organization = {IEEE},
	Pages = {1--11},
	Title = {Linear Pattern Matching Algorithms},
	Year = {1973}}

@article{kn:MK87,
	Author = {M. M. Klawe},
	Journal = {Manuscript},
	Pages = {0},
	Title = {Speeding Up Dynamic Programming},
	Volume = {0},
	Year = {0}}

@techreport{kn:MoPr70,
	Author = {J. H. Morris and V. R. Pratt},
	Institution = {Dept. of Computer Science, University of California, Berkeley, CA.},
	Title = {A Linear Pattern Matching Algorithm},
	Year = {1970}}

@article{kn:Hoare,
	Author = {C. A. Hoare},
	Journal = cacm,
	Pages = {576--580},
	Title = {An Axiomatic Basis of Computer Programming},
	Volume = {12},
	Year = {1969}}

@article{kn:TY79,
	Author = {R. E. Tarjan and A. C. Yao},
	Journal = cacm,
	Pages = {606--611},
	Title = {Storing a sparse table},
	Volume = {22},
	Year = {1979}}

@techreport{kn:PerrinC89,
	Author = {M. Crochemore and D. Perrin},
	Institution = {Dept. of Computer Science, University of Paris, Paris, FRANCE},
	Title = {Two Way Pattern Matching},
	Year = {1989}}

@article{kn:AHU76,
	Author = {A. V. Aho and D. S. Hirschberg and J. D. Ullman},
	Journal = jacm,
	Pages = {1--12},
	Title = {Bounds on the complexity of the maximal common subsequence problem},
	Volume = {23},
	Year = {1976}}

@article{kn:Vitt87,
	Author = {J. S. Vitter},
	Journal = jacm,
	Pages = {825--845},
	Title = {Design and Analysis of Dynamic {H}uffman Codes},
	Volume = {34},
	Year = {1987}}

@article{kn:Galil80,
	Author = {Z. Galil},
	Journal = cacm,
	Pages = {505--508},
	Title = {On Improving the Worst Case Running Time of the {B}oyer-{M}oore String Matching Algorithm},
	Volume = {22},
	Year = {1979}}

@inproceedings{kn:Zuker-survey,
	Address = {Los Angeles, CA, U. S.A.},
	Author = {M. Zucker},
	Booktitle = {Mathematical Methods for DNA Sequences},
	Editor = {M.S. Waterman},
	Pages = {159--184},
	Publisher = {CRC Press, Inc.},
	Title = {The Use of Dynamic Programming Algorithms in {RNA} Secondary Structure Prediction},
	Year = {1988}}

@inproceedings{kn:Alok,
	Author = {A. Aggarwal and J. Park},
	Booktitle = {Proc. 29th } # focs,
	No_Organization = {IEEE},
	Pages = {497--512},
	Title = {Searching in Multidimensional Monotone Matrices},
	Year = {1988}}

@inproceedings{kn:ALEE86,
	Author = {A. V. Aho and D. Lee},
	Booktitle = {Proc. 27th } # focs,
	No_Organization = {IEEE},
	Pages = {56--60},
	Title = {Storing a dynamic sparse table},
	Year = {1986}}

@inproceedings{kn:DKMMRT,
	Author = {M. Dietzfelbinger and A. Karlin and K. Mehlhorn and F. Meyer Auf Der Heide and R. E. Tarjan},
	Booktitle = {Proc. 29th } # focs,
	No_Organization = {IEEE},
	Pages = {524--531},
	Title = {Dynamic Perfect Hashing: Upper and Lower Bounds},
	Year = {1988}}

@book{kn:ASU86,
	Address = {Reading, MA, U.S.A.},
	Author = {A. V. Aho and R. Sethi and J. D. Ullman},
	Publisher = {Addison-Wesley},
	Title = {Compilers, Principles, Techniques and Tools},
	Year = {1986}}

@article{kn:Eppstein89,
	Author = {D. Eppstein},
	Journal = jalgs,
	Pages = {85--101},
	Title = {Sequence Comparison with Mixed Convex and Concave Costs},
	Volume = {11},
	Year = {1990}}

@inproceedings{kn:EGG,
	Author = {D. Eppstein and Z. Galil and R. Giancarlo},
	Booktitle = {Proc. 29th } # focs,
	No_Organization = {IEEE},
	Pages = {488--496},
	Title = {Speeding Up Dynamic Programming},
	Year = {1988}}

@inproceedings{kn:EGGIS,
	Author = {D. Eppstein and Z. Galil and R. Giancarlo and G. Italiano},
	Booktitle = {Proc. 1st } # soda,
	No_Organization = {ACM-SIAM},
	Pages = {513--522},
	Title = {Sparse Dynamic Programming},
	Year = {1990}}

@article{kn:EGGI,
	Author = {D. Eppstein and Z. Galil and R. Giancarlo and G. Italiano},
	Journal = jacm,
	Title = {Sparse Dynamic Programming {II}: Convex and Concave Cost Functions},
	Year = {to appear}}

@article{kn:EGGI1,
	Author = {D. Eppstein and Z. Galil and R. Giancarlo and G. Italiano},
	Journal = jacm,
	Title = {Sparse Dynamic Programming {I}: Linear Cost Functions},
	Year = {to appear}}

@article{kn:GG89,
	Author = {Z. Galil and R. Giancarlo},
	Journal = tcs,
	Pages = {107--118},
	Title = {Speeding Up Dynamic Programming with Applications to Molecular Biology},
	Volume = {64},
	Year = {1989}}

@article{kn:Johnson,
	Author = {D. B. Johnson},
	Journal = {Math. Sys. Th.},
	Pages = {295--309},
	Title = {A Priority Queue in Which Initialization and Queue Operations Take ${O}(\log\log {D})$ Time},
	Volume = {15},
	Year = {1982}}

@article{kn:HI77,
	Author = {D. S. Hirschberg},
	Journal = jacm,
	Pages = {664--675},
	Title = {Algorithms for the Longest Common Subsequence Problem},
	Volume = {24},
	Year = {1977}}

@article{kn:HI78,
	Author = {D. S. Hirschberg},
	Journal = ipl,
	Pages = {40--41},
	Title = {An Information Theoretic Lower Bound for the Longest Common Subsequence Problem},
	Volume = {7},
	Year = {1978}}

@article{kn:HI75,
	Author = {D. S. Hirschberg},
	Journal = cacm,
	Pages = {341--343},
	Title = {A Linear Space Algorithm for Computing Maximal Common Subsequences},
	Volume = {18},
	Year = {1975}}

@article{kn:NKY82,
	Author = {N. Nakatsu and Y.Kambayashi and S. Yajima},
	Journal = actai,
	Pages = {171--179},
	Title = {A Longest Common Subsequence Algorithm Suitable for Similar Text Strings},
	Volume = {18},
	Year = {1982}}

@article{kn:KG82,
	Author = {M. I. Kanehisi and W. B. Goad},
	Journal = {Nucl. Acid Res.},
	Pages = {265--277},
	Title = {Pattern Recognition in Nucleic Acid Sequences {II}: An Efficient Method for Finding Locally Stable Secondary Structures},
	Volume = {10},
	Year = {1982}}

@inproceedings{kn:KF80,
	Author = {Z. M. Kedem and H. Fuchs},
	Booktitle = {Proc. of the 18th Allerton Conf.},
	Pages = {677--689},
	Title = {On Finding Several Shortest Paths in Certain Graphs},
	Year = {1980}}

@techreport{kn:KK77,
	Author = {M. M. Klawe and D. Kleitman},
	Institution = {IBM Research Center, Almahdel, CA, U. S.A.},
	Title = {An Almost Linear Algorithm for Generalized Matrix Searching},
	Year = {1987}}

@article{kn:FastP,
	Author = {D. J. Lipman and W. L. Pearson},
	Journal = {Science},
	Pages = {1435--1441},
	Title = {Rapid and Sensitive Protein Similarity Searches},
	Volume = {2},
	Year = {1985}}

@article{kn:MM88,
	Author = {W. Miller and E. W. Myers},
	Journal = {Bull. Math. Biol.},
	Pages = {97--120},
	Title = {Sequence Comparison with Concave Weighting Functions},
	Volume = {50},
	Year = {1988}}

@article{kn:MM85,
	Author = {W. Miller and E. W. Myers},
	Journal = softpe,
	Pages = {1025--1040},
	Title = {A File Comparison Program},
	Volume = {15},
	Year = {1985}}

@article{kn:HuSu,
	Author = {A. Hume and D. Sunday},
	Journal = softpe,
	Title = {Fast String Searching},
	Year = {to appear}}

@article{kn:NW70,
	Author = {S. B. Needleman and C. D. Wunsch},
	Journal = {J. Mol. Biol.},
	Pages = {433--443},
	Title = {A General Method Applicable to the Search for Similarities in the Amino Acid Sequence of Two Proteins},
	Volume = {48},
	Year = {1970}}

@article{kn:Nussinov,
	Author = {R. Nussinov and G. Pieczenik and J. R. Griggs and D. J. Kleitman},
	Journal = siappm,
	Pages = {68--82},
	Title = {Algorithms for Loop Matchings},
	Volume = {35},
	Year = {1978}}

@inproceedings{kn:Kruskal,
	Address = {Reading, MA, U.S.A.},
	Author = {D. Sankoff and J. B. Kruskal and S. Mainville and R. J. Cedergren},
	Booktitle = {Time Warps, String Edits, and Macromolecules: The Theory and Practice of Sequence Comparison},
	Editor = {D.Sankoff and J. B.Kruskal},
	Pages = {93--120},
	Publisher = {Addison-Wesley},
	Title = {Fast Algorithms to Determine {RNA} Secondary Structures Containing Multiple Loops},
	Year = {1983}}

@inproceedings{kn:Masek-Pat2,
	Address = {Reading, MA, U.S.A.},
	Author = {W. J. Masek and M.S. Paterson},
	Booktitle = {Time Warps, String Edits, and Macromolecules: The Theory and Practice of Sequence Comparison},
	Editor = {D.Sankoff and J. B.Kruskal},
	Pages = {337--349},
	Publisher = {Addison-Wesley},
	Title = {How to Compute String Edit Distance Quickly},
	Year = {1983}}

@article{kn:IntHeap,
	Author = {P. van Emde Boas},
	Journal = ipl,
	Pages = {80--82},
	Title = {Preserving Order in a Forest in Less Than Logarithmic Time},
	Volume = {6},
	Year = {1977}}

@article{kn:WatSmith,
	Author = {M.S. Waterman and T. F. Smith},
	Journal = {Adv. Appl. Math},
	Pages = {455--464},
	Title = {Rapid Dynamic Programming Algorithms for {RNA} Secondary Structure},
	Volume = {7},
	Year = {1986}}

@inproceedings{kn:WL1,
	Author = {W. J. Wilbur and D. J. Lipman},
	Booktitle = {Proc. Nat. Acad. Sci. USA 80},
	Pages = {726--730},
	Title = {Rapid Similarity Searches of Nucleic Acid and Protein Data Banks},
	Year = {1983}}

@article{kn:AL,
	Author = {S. F. Altschul and D. J. Lipman},
	Journal = siappm,
	Title = {Trees, Stars, and Multiple Biological Sequence Alignment},
	Year = {to appear}}

@article{kn:Gotoh-3seq,
	Author = {O. Gotoh},
	Journal = {J. Theor. Biol.},
	Pages = {327--337},
	Title = {Alignment of Three Biological Sequences with an Efficient Traceback Procedure.},
	Volume = {121},
	Year = {1986}}

@article{kn:BS,
	Author = {G. J. Barton and M. J. E. Sternberg},
	Journal = {J. Mol. Biol.},
	Pages = {327--337},
	Title = {A Strategy for the Rapid Multiple Alignment of Protein Sequences},
	Volume = {198},
	Year = {1987}}

@article{kn:Bains,
	Author = {W. Bains},
	Journal = {Nucl. Acids Res.},
	Pages = {159--177},
	Title = {MULTAN: A Program to Align Multiple {DNA} Sequences},
	Volume = {14},
	Year = {1986}}

@article{kn:Vintsyuk,
	Author = {T. K. Vintsyuk},
	Journal = {Cybernetics},
	Pages = {52--57},
	Title = {Speech Discrimination by Dynamic Programming},
	Volume = {4},
	Year = {1968}}

@article{kn:Velichko,
	Author = {V. M. Velichko and N. G. Zagoruyko},
	Journal = {Int. J. Man-Machine Studies},
	Pages = {223--234},
	Title = {Automatic Recognition of 200 Words},
	Volume = {2},
	Year = {1970}}

@article{kn:WoCha76,
	Author = {C. K. Wong and A. K. Chandra},
	Journal = jacm,
	Pages = {13--16},
	Title = {Bounds for the string editing problem},
	Volume = {23},
	Year = {1976}}

@article{kn:Brz64,
	Author = {J. A. Brzozowski},
	Journal = jacm,
	Pages = {481--494},
	Title = {Derivatives of Regular Expressions},
	Volume = {11},
	Year = {1964}}

@article{kn:Sakoe-Chiba,
	Author = {H. Sakoe and S. Chiba},
	Journal = {Proc. Int. Cong. Acoustics, Budapest},
	Pages = {20 C 13},
	Title = {A Dynamic-Programming Approach to Continuous Speech Recognition},
	Volume = {C},
	Year = {1971}}

@article{kn:RCW,
	Author = {T. A. Reichert and D. N. Cohen and A. K.C. Wong},
	Journal = {J. Theor. Biol.},
	Pages = {245--261},
	Title = {An Application of Information Theory to Genetic Mutations and the Matching of Polypeptide Sequences},
	Volume = {42},
	Year = {1973}}

@article{kn:Haton,
	Author = {J. P. Haton},
	Journal = {IEEE Trans. Acoustics, Speech and Signal Proc.},
	Pages = {416--419},
	Title = {Practical Application of a Real-Time Isolated-Word Recognition System using Syntactic Constraints},
	Volume = {ASSP-22},
	Year = {1974}}

@article{kn:SCL,
	Author = {D. Sankoff and R. J. Cedergren and G. Lapalme},
	Journal = {J. Mol. Evol.},
	Pages = {133--149},
	Title = {Frequency of Insertion-Deletion, Transversion, and Transition in the Evolution of 5S Ribosomal {RNA}},
	Volume = {7},
	Year = {1976}}

@book{kn:GJ,
	Address = {New York, NY, U. S.A.},
	Author = {M. R. Garey and D. S. Johnson},
	Publisher = {W. H. Freeman},
	Title = {Computers and Intractability: A Guide to the Theory of NP-Completeness},
	Year = {1979}}

@book{kn:WATbook,
	Address = {Los Angeles, CA, U. S.A.},
	Author = {M.S. Waterman Editor},
	Publisher = {CRC Press, Inc.},
	Title = {Mathematical Methods for DNA Sequences},
	Year = {1988}}

@inproceedings{kn:Sankoff-72,
	Author = {D. Sankoff},
	Booktitle = {Proc. Nat. Acad. Sci. USA 80},
	Pages = {4--6},
	Title = {Matching Sequences under Deletion-Insertion Constraints},
	Year = {1972}}

@techreport{kn:Hume90,
	Author = {A. Hume},
	Institution = {AT\&T Bell Laboratories, Murray Hill, NJ 07974, U. S.A.},
	Title = {Keyword Matching},
	Year = {1990}}

@techreport{kn:GalilR,
	Address = {Tel-Aviv, Israel},
	Author = {Z. Galil and Y. Rabani},
	Institution = {Dept. of Mathematical Sciences, Tel-Aviv University},
	Title = {On the Space Requirement for Computing Edit Distances with Convex or Concave Gap Costs},
	Year = {1989}}

@techreport{kn:Klawe89,
	Address = {Vancouver, Canada},
	Author = {M. M. Klawe},
	Institution = {Dept. of Computer Science, University of British Columbia},
	Title = {A simple linear-time algorithm for concave one-dimensional dynamic programming},
	Year = {1989}}

@techreport{kn:Martinez,
	Author = {Hugo Martinez},
	Institution = {Workshop on Algorithms for Molecular Genetics, Washington D. C.,U. S.A.},
	Title = {Extending {RNA} Secondary Structure Predictions to Include Pseudoknots},
	Year = {1988}}

@techreport{kn:EGG-journal,
	Author = {D. Eppstein and Z. Galil and R. Giancarlo},
	Institution = {Workshop on Algorithms for Molecular Genetics, Washington D. C.,U. S.A.,submitted for journal publication},
	Title = {Speeding Up Dynamic Programming with Application to the Computation of {RNA} Structure},
	Year = {1988}}

@article{kn:GalilP,
	Author = {Z. Galil and K. Park},
	Journal = ipl,
	Pages = {309--311},
	Title = {A linear-time algorithm for concave one-dimensional dynamic programming},
	Volume = {33},
	Year = {1990}}

@article{kn:GalPark91,
	Author = {Z. Galil and Kunsoo Park},
	Journal = tcs,
	Title = {Dynamic Programming with Concavity, Convexity and Sparsity},
	Year = {to appear}}

@article{kn:SW,
	Author = {T. Smith and M.S. Waterman},
	Journal = {J. Mol. Biol.},
	Pages = {195--197},
	Title = {Identification of Common Molecular Subsequences},
	Volume = {147},
	Year = {1981}}

@article{kn:Bradford,
	Author = {P. G. Bradford},
	Journal = {Manuscript, 1989},
	Title = {Fast and efficient parallel dynamic programming}}

@article{kn:Sellers,
	Author = {P. H. Sellers},
	Journal = siappm,
	Pages = {787--793},
	Title = {On the Theory and Computation of Evolutionary Distance},
	Volume = {26},
	Year = {1974}}

@article{kn:WL2,
	Author = {W. J. Wilbur and David J. Lipman},
	Journal = siappm,
	Pages = {557--567},
	Title = {The Context Dependent Comparison of Biological Sequences},
	Volume = {44},
	Year = {1984}}

@article{kn:LarmoreS,
	Author = {L. L. Larmore and B. Schieber},
	Journal = jalgs,
	Pages = {490--515},
	Title = {On-line Dynamic Programming with the Prediction of the {RNA} Secondary Structure},
	Volume = {12},
	Year = {1991}}

@inproceedings{kn:Klawe90,
	Author = {M. M. Klawe},
	Booktitle = {Proc. 1st } # soda,
	No_Organization = {ACM-SIAM},
	Title = {Superlinear bounds for matrix seaching problems},
	Year = {1990}}

@inproceedings{kn:Wat,
	Author = {M.S. Waterman},
	Booktitle = {Proc. Nat. Acad. Sci. USA},
	Pages = {3123--3124},
	Title = {Sequence alignments in the neighborhood of the optimum with general applications to dynamic programming},
	Year = {1983}}

@inproceedings{kn:Wagner,
	Author = {R. A. Wagner},
	Booktitle = {Proc. 7th } # stoc,
	No_Organization = {ACM},
	Pages = {218--223},
	Title = {On the Complexity of the Extended String-to-String Correction Problem},
	Year = {1975}}

@article{kn:Mas-Pat,
	Author = {W. J. Masek and M.S. Paterson},
	Journal = jcss,
	Pages = {18--31},
	Title = {A Faster Algorithm Computing String Edit Distances},
	Volume = {20},
	Year = {1980}}

@article{kn:Struc-align,
	Author = {David Sankoff},
	Journal = siappm,
	Pages = {810--825},
	Title = {Simultaneous Solution of the {RNA} Folding, Alignment and Protosequence Problems},
	Volume = {45},
	Year = {1985}}

@article{kn:Reeke,
	Author = {G. N. Reeke},
	Journal = {Ann. Rev. Comput. Sci.},
	Pages = {59--84},
	Title = {Protein Folding: Computational Approaches to an Exponential-Time Problem},
	Volume = {3},
	Year = {1988}}

@inproceedings{kn:Lawler90,
	Author = {W. I. Chang and E. L. Lawler},
	Booktitle = {Proc. 31st } # focs,
	No_Organization = {IEEE},
	Pages = {116--124},
	Title = {Approximate String Matching in Sublinear Expected Time},
	Year = {1990}}

@inproceedings{kn:Mihalis91,
	Author = {A. Blum and T. Jiang and M. Li and J. Tromp and M. Yannakakis},
	Booktitle = {Proc. 23rd } # stoc,
	No_Organization = {ACM},
	Pages = {328--336},
	Title = {Linear Approximation of Shortest Superstring},
	Year = {1991}}

@article{kn:DeLisi,
	Author = {Charles DeLisi},
	Journal = {Science},
	Pages = {47--52},
	Title = {Computers in Molecular Biology: {C}urrent Applications and Emerging Trends},
	Volume = {24},
	Year = {1988}}

@inproceedings{kn:ManMyers90,
	Author = {U. Manber and E. Myers},
	Booktitle = {Proc. 1st } # soda,
	No_Organization = {ACM-SIAM},
	Pages = {319--327},
	Title = {Suffix Arrays: A New Method For On-line String Searches},
	Year = {1990}}

@inproceedings{AAG87,
	Author = {Y. Afek and B. Awerbuch and E. Gafni},
	Booktitle = {Proc. 28th } # focs,
	Pages = {358--370},
	Title = {Applying static network protocols to dynamic networks},
	Year = {1987}}

@inproceedings{ABJ89,
	Author = {R. Agrawal and A. Borgida and H. V. Jagadish},
	Booktitle = {Proc. ACM-SIGMOD Int. Conf. on Management of Data},
	Title = {Efficient management of transitive relationships in large data and knowledge bases},
	Year = {1989}}

@book{AHU74,
	Author = {A.V. Aho and J.E. Hopcroft and J.D. Ullman},
	Publisher = {Addison-Wesley, Reading, MA},
	Title = {The Design and Analysis of Computer Algorithms},
	Year = {1974}}

@inproceedings{AH90,
	Author = {B. Alpern and R. Hoover and B. Rosen and P. Sweeney and F. K. Zadeck},
	Booktitle = {Proc. 1st } # soda,
	Pages = {32--42},
	Title = {Incremental evaluation of computational circuits},
	Year = {1990}}

@techreport{AP87,
	Author = {K. R. Apt and J. M. Pugin},
	Institution = {University of Texas at Austin},
	Number = {TR-87--41},
	Title = {Management of stratified data bases},
	Year = {1987}}

@article{AI91,
	Author = {G. Ausiello and G. F. Italiano},
	Journal = {J. Logic Programming},
	Number = {1},
	Pages = {69--90},
	Title = {On-line algorithms for polynomially solvable satisfiability problems},
	Volume = {10},
	Year = {1991}}

@article{AIMN90,
	Author = {G. Ausiello and G. F. Italiano and A. Marchetti-Spaccamela and U. Nanni},
	Journal = algs,
	Pages = {615--638},
	Title = {Incremental algorithms for minimal length paths},
	Volume = {12},
	Year = {1991}}

@inproceedings{AMN88,
	Author = {G. Ausiello and A. Marchetti-Spaccamela and U. Nanni},
	Booktitle = {Proc. Int. Symp. on Symbolic and Algebraic Computation},
	Number = {358},
	Pages = {1--12},
	Series = lncs,
	Title = {Dynamic maintenance of paths and path expressions in graphs},
	Year = {1989}}

@article{A85,
	Author = {B. Awerbuch},
	Journal = jacm,
	Pages = {804--823},
	Title = {Complexity of network synchronization},
	Volume = {32},
	Year = {1985}}

@inproceedings{A88,
	Author = {B. Awerbuch},
	Booktitle = {Proc. 29th } # focs,
	Pages = {231--245},
	Title = {On the effects of feedback in dynamic network protocols},
	Year = {1988}}

@inproceedings{A89,
	Author = {B. Awerbuch},
	Booktitle = {Proc. 21st } # stoc,
	Pages = {490--500},
	Title = {Distributed shortest paths algorithms},
	Year = {1989}}

@inproceedings{ACK90,
	Author = {B. Awerbuch and I. Cidon and S. Kutten},
	Booktitle = {Proc. 31st } # focs,
	Pages = {492--502},
	Title = {Communication-optimal maintainance of replicated information},
	Year = {1990}}

@article{AS87,
	Author = {B. Awerbuch and Y. Shiloach},
	Journal = {IEEE Trans. on Computers},
	Pages = {1258--1263},
	Title = {New connectivity and MSF algorithms for shuffle-exchange networks and PRAM},
	Volume = {C-36},
	Year = {1987}}

@inproceedings{AS88,
	Author = {B. Awerbuch and M. Sipser},
	Booktitle = {Proc. 29th } # focs,
	Pages = {206--219},
	Title = {Dynamic networks are as fast as static networks},
	Year = {1988}}

@article{BT80,
	Author = {M. R. Brown and R. E. Tarjan},
	Journal = sicomp,
	Pages = {594--614},
	Title = {Design and analysis of a data structure for representing sorted lists},
	Volume = {9},
	Year = {1980}}

@article{BM88,
	Author = {D. Bienstock and C. Monma},
	Journal = sicomp,
	Pages = {53--76},
	Title = {On the complexity of covering vertices by faces in a planar graph},
	Volume = {17},
	Year = {1988}}

@article{BL76,
	Author = {K. Booth and G. Lueker},
	Journal = jcss,
	Pages = {335--379},
	Title = {Testing for the consecutive ones property, interval graphs and graph planarity using PQ-tree algorithms},
	Volume = {13},
	Year = {1976}}

@inproceedings{BKV90,
	Author = {A. L. Buchsbaum and P. C. Kanellakis and J. S. Vitter},
	Booktitle = {Proc. 1st } # soda,
	Pages = {22--31},
	Title = {A data structure for arc insertion and regular path finding},
	Year = {1990}}

@techreport{BR87,
	Author = {M. Burke and B. G. Ryder},
	Institution = {Department of Computer Science, Rutgers University},
	Number = {LCSR-TR-96},
	Title = {Incremental iterative data flow analysis algorithms},
	Year = {1987}}

@inproceedings{CR88,
	Author = {M. D. Carrol and B. G. Ryder},
	Booktitle = {Proc. 15th Annual ACM SIGACT-SIGPLAN Symp. on Principles of Programming Languages},
	Pages = {274--284},
	Title = {Incremental data flow analysis via dominator and attribute updates},
	Year = {1988}}

@article{CNAO85,
	Author = {N. Chiba, T. Nishizeki, S. Abe, and T. Ozawa},
	Journal = jcss,
	Pages = {54--76},
	Title = {A linear algorithm for embedding planar graphs using PQ-trees},
	Volume = {30},
	Year = {1985}}

@article{CH78,
	Author = {F. Chin and D. Houk},
	Journal = jcss,
	Pages = {333--344},
	Title = {Algorithms for updating minimum spanning trees},
	Volume = {16},
	Year = {1978}}

@inproceedings{CT91,
	Author = {R. F. Cohen and R. Tamassia},
	Booktitle = {Proc. 2nd } # soda,
	Pages = {52--61},
	Title = {Dynamic expression trees and their applications},
	Year = {1991}}

@article{DF56,
	Author = {G. B. Dantzig and D. R. Fulkerson},
	Journal = {Annals of Math. Study},
	Pages = {215--221},
	Title = {On the max-flow min-cut theorem of networks},
	Volume = {38},
	Year = {1956}}

@inproceedings{DT89,
	Author = {G. {Di Battista} and R. Tamassia},
	Booktitle = {Proc. 30th } # focs,
	Pages = {436--441},
	Title = {Incremental planarity testing},
	Year = {1989}}

@incollection{DT90,
	Address = {Berlin, Germany},
	Author = {G. {Di Battista} and R. Tamassia},
	Booktitle = {Proc. 17th } # icalp,
	Number = {443},
	Pages = {598--611},
	Publisher = {Springer-Verlag},
	Series = lncs,
	Title = {On-line graph algorithms with {SPQR}-trees},
	Year = {1990}}

@incollection{DKL76,
	Author = {E. A. Dinic and A. V. Karzanov and M. V. Lomonosov},
	Booktitle = {Studies in Discrete Optimization},
	Editor = {A. A. Fridman},
	Note = {(In Russian)},
	Pages = {290--306},
	Publisher = {Nauka, Moskow},
	Title = {On the structure of the system of minimal edge cuts in a graph},
	Year = {1976}}

@article{E60,
	Author = {J. Edmonds},
	Journal = {Not. Am. Math. Soc.},
	Pages = {646},
	Title = {A combinatorial representation for polyhedral surfaces},
	Volume = {7},
	Year = {1960}}

@unpublished{EGIN92,
	Author = {D. Eppstein and Z. Galil and G. F. Italiano and A. Nissenzweig},
	Note = {Manuscript},
	Title = {Sparsification -- {A} technique for speeding up dynamic graph algorithms},
	Year = {1992}}

@article{EIY89,
	Author = {D. Eppstein and G. F. Italiano and R. Tamassia and R. E. Tarjan and J. Westbrook and M. Yung},
	Journal = algs,
	Pages = {33--54},
	Title = {Maintenance of a minimum spanning forest in a dynamic plane graph},
	Volume = {13},
	Year = {1992}}

@inproceedings{EIY89b,
	Author = {D. Eppstein and G. F. Italiano and R. Tamassia and R. E. Tarjan and J. Westbrook and M. Yung},
	Booktitle = {Proc. 1st } # soda,
	Pages = {1--11},
	Title = {Maintenance of a minimum spanning forest in a dynamic planar graph},
	Year = {1990}}

@inproceedings{E89,
	Author = {Charles Elkan},
	Booktitle = {Proc. ACM Conf. on Principles of Database Systems},
	Pages = {134--139},
	Title = {A Decision Procedure for Conjunctive Query Disjointness},
	Year = {1989}}

@book{E79,
	Author = {S. Even},
	Publisher = {Computer Science Press, Potomac, MD},
	Title = {Graph Algorithms},
	Year = {1979}}

@article{EG85,
	Author = {S. Even and H. Gazit},
	Journal = {Methods of Operations Research},
	Pages = {371--387},
	Title = {Updating distances in dynamic graphs},
	Volume = {49},
	Year = {1985}}

@article{ES81,
	Author = {S. Even and Y. Shiloach},
	Journal = jacm,
	Pages = {1--4},
	Title = {An on-line edge deletion problem},
	Volume = {28},
	Year = {1981}}

@article{ET76,
	Author = {S. Even and R. E. Tarjan},
	Journal = tcs,
	Pages = {339--344},
	Title = {Computing an st-numbering},
	Volume = {2},
	Year = {1976}}

@article{F85,
	Author = {G. N. Frederickson},
	Journal = sicomp,
	Pages = {781--798},
	Title = {Data structures for on-line updating of minimum spanning trees},
	Volume = {14},
	Year = {1985}}

@article{F87,
	Author = {G. N. Frederickson},
	Journal = sicomp,
	Pages = {1004--1022},
	Title = {Fast algorithms for shortest paths in planar graphs, with applications},
	Volume = {16},
	Year = {1987}}

@inproceedings{F91,
	Author = {G. N. Frederickson},
	Booktitle = {Proc. 32nd } # focs,
	Pages = {632--641},
	Title = {Ambivalent data structures for dynamic 2-edge-connectivity and $k$ smallest spanning trees},
	Year = {1991}}

@inproceedings{FS84,
	Author = {G. N. Frederickson and M. A. Srinivas},
	Booktitle = {Proc. 22nd Annual Allerton Conference on Communication, Control and Computing},
	Title = {On-line updating of degree-constrained minimum spanning trees},
	Year = {1984}}

@inproceedings{FS89,
	Author = {M.L. Fredman and M. Saks},
	Booktitle = {Proc. 21st } # stoc,
	Pages = {345--354},
	Title = {The cell probe complexity of dynamic data structures},
	Year = {1989}}

@inproceedings{FW90,
	Author = {M. L. Fredman and D. E. Willard},
	Booktitle = {Proc. 31st } # focs,
	Pages = {719--725},
	Title = {Trans-dichotomous algorithms for minimum spanning trees and shortest paths},
	Year = {1990}}

@article{GGST86,
	Author = {H. Gabow and Z. Galil and T. Spencer and R. E. Tarjan},
	Journal = {Combinatorica},
	Pages = {109--122},
	Title = {Efficient algorithms for finding minimum spanning trees in undirected and directed graphs},
	Volume = {6},
	Year = {1986}}

@article{GT85,
	Author = {H. Gabow and R. E. Tarjan},
	Journal = jcss,
	Pages = {209--221},
	Title = {A linear-time algorithm for a special case of disjoint set union},
	Volume = {30},
	Year = {1985}}

@inproceedings{G87,
	Author = {E. Gafni},
	Booktitle = {Proc. of the Amsterdam Workshop on Distributed Algorithms},
	Title = {Topology resynchronization: a new paradigm for fault tolerance in distributed algorithms},
	Year = {1987}}

@inproceedings{GI91stoc,
	Author = {Z. Galil and G. F. Italiano},
	Booktitle = {Proc. 23rd } # stoc,
	Pages = {317--327},
	Title = {Fully dynamic algorithms for edge connectivity problems},
	Year = {1991}}

@inproceedings{GI91bis,
	Author = {Z. Galil and G. F. Italiano},
	Booktitle = {Proc. 23rd } # stoc,
	Note = {To appear in } # sicomp,
	Pages = {317--327},
	Title = {Fully dynamic algorithms for edge connectivity problems},
	Year = {1991}}

@incollection{GI91icalp,
	Address = {Berlin, Germany},
	Author = {Z. Galil and G. F. Italiano},
	Booktitle = {Proc. 18th } # icalp,
	Number = {510},
	Pages = {339--350},
	Publisher = {Springer-Verlag},
	Series = lncs,
	Title = {Maintaining biconnected components of dynamic planar graphs},
	Year = {1991}}

@article{GI91sigact,
	Author = {Z. Galil and G. F. Italiano},
	Journal = {Sigact News},
	Pages = {57--61},
	Title = {Reducing edge connectivity to vertex connectivity},
	Volume = {22},
	Year = {1991}}

@article{GI912f,
	Author = {Z. Galil and G. F. Italiano},
	Journal = sicomp,
	Note = {to appear},
	Title = {Fully dynamic algorithms for 2-edge-connectivity}}

@article{GI913s,
	Author = {Z. Galil and G. F. Italiano},
	Journal = sicomp,
	Note = {to appear},
	Title = {Maintaining the 3-edge-connected components of a graph on-line}}

@unpublished{GI913f,
	Author = {Z. Galil and G. F. Italiano},
	Note = {In preparation},
	Title = {Fully dynamic algorithms for 3-edge-connectivity}}

@inproceedings{GIS92,
	Author = {Z. Galil and G. F. Italiano and N. Sarnak},
	Booktitle = {Proc. 24th } # stoc,
	Title = {Fully dynamic planarity testing},
	Year = {1992}}

@techreport{G76,
	Author = {R. G. Gallager},
	Institution = {MIT, Lab. for Information and Decision Systems},
	Title = {A shortest path routing algorithm with automatic resynch},
	Year = {1976}}

@article{G77,
	Author = {R. G. Gallager},
	Journal = ieeecom,
	Pages = {73--85},
	Title = {An optimal routing algorithm using distributed computation},
	Volume = {COM-25},
	Year = {1977}}

@book{GJ79,
	Author = {M. R. Garey and D. S. Johnson},
	Publisher = {W. H. Freeman},
	Title = {Computers and intractability: a guide to the theory of NP-Completeness},
	Year = {1979}}

@article{GS85,
	Author = {L. Guibas and J. Stolfi},
	Journal = {ACM Trans. on Graphics},
	Pages = {74--123},
	Title = {Primitives for the manipulation of general subdivision and the computation of {V}oronoi diagrams},
	Volume = {4},
	Year = {1985}}

@book{H69,
	Author = {F. Harary},
	Publisher = {Addison-Wesley, Reading, MA},
	Title = {Graph Theory},
	Year = {1969}}

@unpublished{H82,
	Author = {D. Harel},
	Note = {Unpublished manuscript},
	Title = {On-line maintenance of the connected components of dynamic graphs},
	Year = {1982}}

@article{HT84,
	Author = {D. Harel and R. E. Tarjan},
	Journal = sicomp,
	Pages = {338--355},
	Title = {Fast algorithms for finding nearest common ancestors},
	Volume = {13},
	Year = {1984}}

@phdthesis{H87,
	Author = {R. Hoover},
	Note = {Technical Report 87--836},
	School = {Department of Computer Science, Cornell University},
	Title = {Incremental Graph Evaluation},
	Year = {1987}}

@article{HT73,
	Author = {J. Hopcroft and R. E. Tarjan},
	Journal = cacm,
	Pages = {327--378},
	Title = {Algorithm 447: Efficient algorithms for graph manipulation},
	Volume = {16},
	Year = {1973}}

@article{HT,
	Author = {J. Hopcroft and R. E. Tarjan},
	Journal = sicomp,
	Pages = {135--158},
	Title = {Dividing a graph into triconnected components},
	Volume = {2},
	Year = {1973}}

@article{HT74,
	Author = {J. Hopcroft and R. E. Tarjan},
	Journal = jacm,
	Pages = {549--568},
	Title = {Efficient planarity testing},
	Volume = {21},
	Year = {1974}}

@techreport{H88,
	Author = {N. Horspool},
	Institution = {Department of Computer Science, University of Victoria},
	Title = {Incremental generation of {LR} parsers},
	Year = {1988}}

@article{IK83,
	Author = {T. Ibaraki and N. Katoh},
	Journal = ipl,
	Pages = {95--97},
	Title = {On-line computation of transitive closure for graphs},
	Volume = {16},
	Year = {1983}}

@phdthesis{I91,
	Author = {G. F. Italiano},
	Month = {April},
	School = {Department of Computer Science, Columbia University},
	Title = {Dynamic data structures for graphs},
	Year = {1991}}

@article{I86,
	Author = {G. F. Italiano},
	Journal = tcs,
	Pages = {273--281},
	Title = {Amortized efficiency of a path retrieval data structure},
	Volume = {48},
	Year = {1986}}

@article{I88,
	Author = {G. F. Italiano},
	Journal = ipl,
	Pages = {5--11},
	Title = {Finding paths and deleting edges in directed acyclic graphs},
	Volume = {28},
	Year = {1988}}

@inproceedings{IMN89,
	Author = {G. F. Italiano and A. Marchetti-Spaccamela and U. Nanni},
	Booktitle = {Proc. Workshop on Algorithms and Data Structures},
	Number = {382},
	Pages = {352--372},
	Publisher = lncs,
	Title = {Dynamic data structures for series parallel digraphs},
	Year = {1989}}

@article{JM82,
	Author = {J. Jaffe and F. Moss},
	Journal = ieeecom,
	Pages = {1758--1762},
	Title = {A responsive distributed routing protocol},
	Volume = {COM-30},
	Year = {1982}}

@article{J90,
	Author = {H. V. Jagadish},
	Journal = {ACM Trans. on Database Systems},
	Pages = {558--598},
	Title = {A compression technique to materialize transitive closure},
	Volume = {15},
	Year = {1990}}

@article{J75,
	Author = {D. B. Johnson},
	Journal = mst,
	Pages = {295--309},
	Title = {A priority queue in which initialization and queue operations take ${O}(\log\log {D})$ time},
	Volume = {15},
	Year = {1982}}

@inproceedings{DKT91,
	Author = {A. Kanevsky and R. Tamassia and G. {Di Battista} and J. Chen},
	Booktitle = {Proc. 32nd } # focs,
	Pages = {793--801},
	Title = {On-line maintenance of the four-connected components of a graph},
	Year = {1991}}

@techreport{K86,
	Author = {S. Kaplan},
	Institution = {University of Illinois at Urbana-Champaign},
	Number = {UIUC-DCS-86--18309},
	Title = {Incremental attribute evaluation on graphs},
	Year = {1986}}

@article{KT86,
	Author = {A. V. Karzanov and E. A. Timofeev},
	Journal = {Cybernetics},
	Note = {Translated from Kybernetika, 2:8--12, 1986},
	Pages = {156--162},
	Title = {Efficient algorithm for finding all minimal edge cuts of a nonoriented graph},
	Year = {1986}}

@article{KR88,
	Author = {P. Klein and J. H. Reif},
	Journal = jcss,
	Title = {An efficient algorithm for planarity},
	Volume = {37},
	Year = {1988}}

@article{K30,
	Author = {Kuratowski},
	Journal = {Fund. Math.},
	Pages = {271--283},
	Title = {Sur le problem des courbes gauches en topologie},
	Volume = {15},
	Year = {1930}}

@phdthesis{L91,
	Author = {J. A. {La Poutr\'e}},
	Month = {September},
	School = {Department of Computer Science, Utrecht University},
	Title = {Dynamic graph algorithms and data structures},
	Year = {1991}}

@inproceedings{LvL88,
	Author = {J. A. {La Poutr\'e} and J. van Leeuwen},
	Booktitle = {Proc. Workshop on Graph-Theoretic Concepts in Computer Science},
	Number = {314},
	Pages = {106--120},
	Publisher = lncs,
	Title = {Maintenance of transitive closure and transitive reduction of graphs},
	Year = {1988}}

@book{L76,
	Author = {E. L. Lawler},
	Publisher = {Holt, Rinehart and Winston},
	Title = {Combinatorial optimization: networks and matroids},
	Year = {1976}}

@inproceedings{LEC67,
	Author = {A. Lempel and S. Even and I. Cederbaum},
	Booktitle = {Theory of Graphs: International Symposium},
	Pages = {215--232},
	Title = {An algorithm for planarity testing of graphs},
	Year = {1967}}

@article{LT79,
	Author = {R. J. Lipton and R. E. Tarjan},
	Journal = siappm,
	Pages = {177--189},
	Title = {A separator theorem for planar graphs},
	Volume = {36},
	Year = {1979}}

@article{LT80,
	Author = {R. J. Lipton and R. E. Tarjan},
	Journal = sicomp,
	Pages = {615--627},
	Title = {Applications of a planar separator theorem},
	Volume = {9},
	Year = {1980}}

@inproceedings{LC89,
	Author = {C. C. Lin and R. C. Chang},
	Booktitle = {Proc. Int. Workshop on Discrete Algorithms and Complexity},
	Pages = {203--212},
	Title = {On the dynamic shortest path problem},
	Year = {1989}}

@article{MS79,
	Author = {P. Merlin and A. Segall},
	Journal = ieeecom,
	Pages = {1280--1288},
	Title = {Failsafe distributed routing protocol},
	Volume = {COM-27},
	Year = {1979}}

@article{MNA88,
	Author = {K. Mehlhorn and S. N{\"a}her and H. Alt},
	Journal = sicomp,
	Pages = {1093--1102},
	Title = {A lower bound for the complexity of the union-split-find problem},
	Volume = {17},
	Year = {1988}}

@article{MS79,
	Author = {P. M. Merlin and A. Segall},
	Journal = ieeecom,
	Pages = {1280--1287},
	Title = {A failsafe distributed routing protocol},
	Volume = {27},
	Year = {1979}}

@techreport{NV91,
	Author = {D. Naor and V. V. Vazirani},
	Institution = {Department of Computer Science, University of California at Davis},
	Month = {June},
	Number = {CSE-TR-91--22},
	Title = {Representing and enumerating edge connectivity cuts in {RNC}},
	Year = {1991}}

@book{NC88,
	Author = {T. Nishizeki and N. Chiba},
	Publisher = {Annals of Discrete Mathematics 32, North Holland},
	Title = {Planar graphs: theory and algorithms},
	Year = {1988}}

@unpublished{PL89,
	Author = {M. L. Prastein and M. C. Loui},
	Note = {Manuscript},
	Title = {A distributed algorithm for updating all shortest paths},
	Year = {1989}}

@article{P57,
	Author = {R. C. Prim},
	Journal = {Bell System Tech. J.},
	Pages = {1389--1401},
	Title = {Shortest connection networks and some generalizations},
	Volume = {36},
	Year = {1957}}

@inproceedings{RR89,
	Author = {V. Ramachandran and J. H. Reif},
	Booktitle = {Proc. 30th } # focs,
	Pages = {282--287},
	Title = {An optimal parallel algorithm for graph planarity},
	Year = {1989}}

@inproceedings{RV86,
	Author = {K. V. S. Ramarao and S. Venkatesan},
	Booktitle = {Proc. 24th Annual Allerton Conf. on Communication, Control and Computing},
	Pages = {1079--1988},
	Title = {On finding and updating shortest paths},
	Year = {1986}}

@book{R88,
	Author = {M. Raynal},
	Publisher = {John Wiley, New York},
	Title = {Distributed algorithms and protocols},
	Year = {1988}}

@article{R87,
	Author = {J. H. Reif},
	Journal = ipl,
	Pages = {65--70},
	Title = {A topological approach to dynamic graph connectivity},
	Volume = {25},
	Year = {1987}}

@inproceedings{R85,
	Author = {H. Rohnert},
	Booktitle = {Proc. 2nd } # stacs,
	Number = {182},
	Pages = {279--286},
	Publisher = lncs,
	Title = {A dynamization of the all pairs least cost path problem},
	Year = {1985}}

@article{SV88,
	Author = {B. Schieber and U. Vishkin},
	Journal = sicomp,
	Pages = {1253--1262},
	Title = {On finding lowest common ancestors: simplification and parallelization},
	Volume = {17},
	Year = {1988}}

@article{S,
	Author = {A. Sch{\"o}nhage},
	Journal = sicomp,
	Pages = {490--508},
	Title = {Storage modification machines},
	Volume = {9},
	Year = {1980}}

@article{ST83,
	Author = {D. D. Sleator and R. E. Tarjan},
	Journal = jcss,
	Pages = {362--381},
	Title = {A data structure for dynamic trees},
	Volume = {24},
	Year = {1983}}

@article{ST85,
	Author = {D. D. Sleator and R. E. Tarjan},
	Journal = jacm,
	Pages = {652--686},
	Title = {Self-adjusting binary search trees},
	Volume = {32},
	Year = {1985}}

@article{SP75,
	Author = {P.M. Spira and A. Pan},
	Journal = sicomp,
	Pages = {375--380},
	Title = {On finding and updating spanning trees and shortest paths},
	Volume = {4},
	Year = {1975}}

@incollection{T88,
	Address = {Berlin},
	Author = {R. Tamassia},
	Booktitle = {Proc. 15th } # icalp,
	Number = {317},
	Pages = {576--590},
	Publisher = {Springer-Verlag},
	Title = {A dynamic data structure for planar graph embedding},
	Year = {1988}}

@article{PT88,
	Author = {R. Tamassia and F.P. Preparata},
	Journal = alg,
	Pages = {509--527},
	Title = {Dynamic maintenance of planar digraphs, with applications},
	Volume = {5},
	Year = {1990}}

@unpublished{TT90,
	Author = {R. Tamassia and I. G. Tollis},
	Note = {Unpublished manuscript},
	Title = {Reachability in planar digraphs},
	Year = {1990}}

@book{T81,
	Author = {A. S. Tanenbaum},
	Publisher = {Prentice-Hall, Englewood Cliffs, NJ},
	Title = {Computer networks},
	Year = {1981}}

@article{T72,
	Author = {R. E. Tarjan},
	Journal = sicomp,
	Pages = {146--160},
	Title = {Depth-first search and linear graph algorithms},
	Volume = {1},
	Year = {1972}}

@article{T79,
	Author = {R. E. Tarjan},
	Journal = jcss,
	Pages = {110--127},
	Title = {A class of algorithms which require nonlinear time to maintain disjoint sets},
	Volume = {18},
	Year = {1979}}

@book{T83,
	Author = {R. E. Tarjan},
	Publisher = {CBMS-NSF Regional Conference Series in Applied Mathematics, SIAM},
	Title = {Data structures and network algorithms},
	Volume = {44},
	Year = {1983}}

@article{T85,
	Author = {R. E. Tarjan},
	Journal = siadm,
	Pages = {306--318},
	Title = {Amortized computational complexity},
	Volume = {6},
	Year = {1985}}

@article{TvL84,
	Author = {R. E. Tarjan and J. van Leeuwen},
	Journal = jacm,
	Pages = {245--281},
	Title = {Worst-case analysis of set union algorithms},
	Volume = {31},
	Year = {1984}}

@article{TV85,
	Author = {R. E. Tarjan and U. Vishkin},
	Journal = sicomp,
	Pages = {862--864},
	Title = {An efficient parallel biconnectivity algorithm},
	Volume = {14},
	Year = {1985}}

@book{T66,
	Author = {W. T. Tutte},
	Publisher = {University of Toronto Press},
	Title = {Connectivity in graphs},
	Year = {1966}}

@article{T77,
	Author = {W. T. Tutte},
	Journal = {Aequationes Mathematicae},
	Pages = {1--33},
	Title = {Bridges and Hamiltonian circuits in planar graphs},
	Volume = {15},
	Year = {1977}}

@book{T84,
	Author = {W. T. Tutte},
	Publisher = {Cambridge University Press},
	Title = {Graph theory},
	Year = {1984}}

@inproceedings{E75,
	Author = {P. van Emde Boas},
	Booktitle = {Proc. 16th } # focs,
	Pages = {75--84},
	Title = {Preserving order in a forest in less than logarithmic time},
	Year = {1975}}

@article{E77,
	Author = {P. van Emde Boas},
	Journal = ipl,
	Pages = {80--82},
	Title = {Preserving order in a forest in less than logarithmic time and linear space},
	Volume = {6},
	Year = {1977}}

@article{EKZ77,
	Author = {P. van Emde Boas and R. Kaas and E. Zijlstra},
	Journal = mst,
	Pages = {99--127},
	Title = {Design and implementation of an efficient priority queue},
	Volume = {10},
	Year = {1977}}

@phdthesis{W89,
	Author = {J. Westbrook},
	Month = {October},
	Note = {Technical Report CS-TR-229--89},
	School = {Department of Computer Science, Princeton University},
	Title = {Algorithms and data structures for dynamic graph problems},
	Year = {1989}}

@incollection{W92,
	Address = {Berlin, Germany},
	Author = {J. Westbrook},
	Booktitle = {Proc. 19th } # icalp,
	Number = {623},
	Publisher = {Springer-Verlag},
	Series = lncs,
	Title = {Fast incremental planarity testing},
	Year = {1992}}

@techreport{WT89,
	Author = {J. Westbrook and R. E. Tarjan},
	Institution = {Department of Computer Science, Princeton University},
	Month = {August},
	Note = {To appear in {\em Algorithmica}},
	Number = {CS-TR-228--89},
	Title = {Maintaining bridge-connected and biconnected components on-line},
	Year = {1989}}

@book{W73,
	Author = {A. T. White},
	Publisher = {North-Holland, Amsterdam},
	Title = {Graphs, groups, and surfaces},
	Year = {1973}}

@article{W30,
	Author = {H. Whitney},
	Journal = {Trans. Amer. Math. Soc.},
	Pages = {339--362},
	Title = {Non-separable and planar graphs},
	Volume = {34},
	Year = {1930}}

@inproceedings{Y90,
	Author = {M. Yannakakis},
	Booktitle = {Proc. ACM Conf. on Principles of Database Systems},
	Pages = {230--242},
	Title = {Graph theoretic methods in database theory},
	Year = {1990}}

@article{Y81,
	Author = {A.C. Yao},
	Journal = jacm,
	Pages = {245--281},
	Title = {Should tables be sorted?},
	Volume = {31},
	Year = {1984}}

@techreport{Y88,
	Author = {D. M. Yellin},
	Institution = {IBM Research Division, T. J. Watson Research Center},
	Number = {13535},
	Title = {A dynamic transitive closure algorithm},
	Year = {1988}}

@inproceedings{YS88,
	Author = {D. M. Yellin and R. Strom},
	Booktitle = {Proc. ACM SIGPLAN '88 Conf. on Programming Language Design and Implementation},
	Pages = {115--124},
	Title = {{INC}: a language for incremental computations},
	Year = {1988}}

@misc{zwick-personal:92,
	Author = {U. Zwick},
	Title = {Personal communication},
	Year = {1992}}

@misc{fm:95,
	Author = {M. Farach and S. Muthukrishnan},
	Title = {Personal communication},
	Year = {1995}}

@inproceedings{farach:97,
	Author = {Martin Farach},
	Booktitle = {FOCS},
	Pages = {137-143},
	Title = {Optimal Suffix Tree Construction with Large Alphabets},
	Year = {1997}}

@article{ffm:00,
	Author = {Martin Farach-Colton and Paolo Ferragina and S. Muthukrishnan},
	Journal = {J. ACM},
	Number = {6},
	Pages = {987-1011},
	Title = {On the sorting-complexity of suffix tree construction},
	Volume = {47},
	Year = {2000}}

@article{ksb:06,
	Author = {Juha K{\"a}rkk{\"a}inen and Peter Sanders and Stefan Burkhardt},
	Journal = {J. ACM},
	Number = {6},
	Pages = {918-936},
	Title = {Linear work suffix array construction},
	Volume = {53},
	Year = {2006}}

@article{ka:05,
	Author = {Pang Ko and Srinivas Aluru},
	Journal = {J. Discrete Algorithms},
	Number = {2-4},
	Pages = {143-156},
	Title = {Space efficient linear time construction of suffix arrays},
	Volume = {3},
	Year = {2005}}

@article{bh:96,
	Author = {Dany Breslauer and Ramesh Hariharan},
	Journal = {Parallel Processing Letters},
	Number = {1},
	Pages = {35-44},
	Title = {{Optimal Parallel Construction of Minimal Suffix and Factor Automata}},
	Volume = {6},
	Year = {1996}}

@article{al:02,
	Author = {Alberto Apostolico and Stefano Lonardi},
	Journal = {Inf. Process. Lett.},
	Number = {3},
	Pages = {159-161},
	Title = {{A speed-up for the commute between subword trees and DAWGs}},
	Volume = {83},
	Year = {2002}}

@article{inenaga:03,
	Author = {Shunsuke Inenaga},
	Journal = {Nord. J. Comput.},
	Number = {1},
	Pages = {52-},
	Title = {Bidirectional Construction of Suffix Trees},
	Volume = {10},
	Year = {2003}}

@article{maass:03,
	Author = {Moritz G. Maa{\ss}},
	Journal = {Algorithmica},
	Number = {1},
	Pages = {43-74},
	Title = {Linear Bidirectional On-Line Construction of Affix Trees},
	Volume = {37},
	Year = {2003}}

@inproceedings{cv:97,
	Author = {Maxime Crochemore and Renaud V{\'e}rin},
	Booktitle = {CPM},
	Crossref = {cpm:1997},
	Pages = {116-129},
	Title = {Direct Construction of Compact Directed Acyclic Word Graphs},
	Year = {1997}}

@proceedings{cpm:1997,
	Booktitle = {CPM},
	Editor = {Alberto Apostolico and Jotun Hein},
	Isbn = {3-540-63220-4},
	Publisher = {Springer},
	Series = {Lecture Notes in Computer Science},
	Title = {Combinatorial Pattern Matching, 8th Annual Symposium, CPM 97, Aarhus, Denmark, June 30 - July 2, 1997, Proceedings},
	Volume = {1264},
	Year = {1997}}

@article{ihstamp:05,
	Author = {Shunsuke Inenaga and Hiromasa Hoshino and Ayumi Shinohara and Masayuki Takeda and Setsuo Arikawa and Giancarlo Mauri and Giulio Pavesi},
	Journal = {Discrete Applied Mathematics},
	Number = {2},
	Pages = {156-179},
	Title = {On-line construction of compact directed acyclic word graphs},
	Volume = {146},
	Year = {2005}}

@article{morrison:68,
	Author = {Donald R. Morrison},
	Journal = {J. ACM},
	Number = {4},
	Pages = {514-534},
	Title = {{PATRICIA - Practical Algorithm To Retrieve Information Coded in Alphanumeric}},
	Volume = {15},
	Year = {1968}}

@article{ch:05,
	Author = {Richard Cole and Ramesh Hariharan},
	Journal = {SIAM J. Comput.},
	Number = {4},
	Pages = {894-923},
	Title = {{Dynamic LCA Queries on Trees}},
	Volume = {34},
	Year = {2005}}

@article{breslauer-trans:98,
	Author = {Dany Breslauer},
	Journal = {Theor. Comput. Sci.},
	Number = {1-2},
	Pages = {131-144},
	Title = {The Suffix Tree of a Tree and Minimizing Sequential Transducers},
	Volume = {191},
	Year = {1998}}

@inproceedings{breslauer-trans:96,
	Author = {Dany Breslauer},
	Booktitle = {CPM},
	Crossref = {cpm:96},
	Pages = {116-129},
	Title = {The suffix Tree of a Tree and Minimizing Sequential Transducers},
	Year = {1996}}

@proceedings{cpm:96,
	Booktitle = {CPM},
	Editor = {Daniel S. Hirschberg and Eugene W. Myers},
	Isbn = {3-540-61258-0},
	Publisher = {Springer},
	Series = {Lecture Notes in Computer Science},
	Title = {Combinatorial Pattern Matching, 7th Annual Symposium, CPM 96, Laguna Beach, California, USA, June 10-12, 1996, Proceedings},
	Volume = {1075},
	Year = {1996}}

@inproceedings{akll:05,
	Author = {Amihood Amir and Tsvi Kopelowitz and Moshe Lewenstein and Noa Lewenstein},
	Bibsource = {DBLP, http://dblp.uni-trier.de},
	Booktitle = {SPIRE},
	Crossref = {DBLP:conf/spire/2005},
	Ee = {http://dx.doi.org/10.1007/11575832_9},
	Pages = {67-78},
	Title = {Towards Real-Time Suffix Tree Construction},
	Year = {2005}}

@proceedings{DBLP:conf/spire/2005,
	Bibsource = {DBLP, http://dblp.uni-trier.de},
	Booktitle = {SPIRE},
	Editor = {Mariano P. Consens and Gonzalo Navarro},
	Isbn = {3-540-29740-5},
	Publisher = {Springer},
	Series = {Lecture Notes in Computer Science},
	Title = {String Processing and Information Retrieval, 12th International Conference, SPIRE 2005, Buenos Aires, Argentina, November 2-4, 2005, Proceedings},
	Volume = {3772},
	Year = {2005}}

@inproceedings{stoye:02,
	Author = {Jens Stoye},
	Bibsource = {DBLP, http://dblp.uni-trier.de},
	Booktitle = {GI Jahrestagung (Erg{\"a}nzungsband)},
	Crossref = {DBLP:conf/gi/2002-2},
	Pages = {67-71},
	Title = {Index Structures for Large Sequence Data: Suffix Trees and Affix Trees},
	Year = {2002}}

@proceedings{DBLP:conf/gi/2002-2,
	Bibsource = {DBLP, http://dblp.uni-trier.de},
	Booktitle = {GI Jahrestagung (Erg{\"a}nzungsband)},
	Editor = {Sigrid E. Schubert and Bernd Reusch and Norbert Jesse},
	Isbn = {3-88579-349-0},
	Publisher = {GI},
	Series = {LNI},
	Title = {Informatik bewegt: Informatik 2002 - 32. Jahrestagung der Gesellschaft f{\"u}r Informatik e.v. (GI), 30. September - 3.Oktober 2002 in Dortmund, Erg{\"a}nzungsband},
	Volume = {20},
	Year = {2002}}

@inproceedings{ahr:98,
	Author = {Stephen Alstrup and Thore Husfeldt and Theis Rauhe},
	Bibsource = {DBLP, http://dblp.uni-trier.de},
	Booktitle = {FOCS},
	Ee = {http://computer.org/conferen/proceed/focs/9172/91720534abs.htm},
	Pages = {534-544},
	Title = {Marked Ancestor Problems},
	Year = {1998}}

@article{ass:97,
	Author = {Stephen Alstrup and Jens P. Secher and Maz Spork},
	Bibsource = {DBLP, http://dblp.uni-trier.de},
	Ee = {http://dx.doi.org/10.1016/S0020-0190(97)00170-1},
	Journal = {Inf. Process. Lett.},
	Number = {4},
	Pages = {161-164},
	Title = {Optimal On-Line Decremental Connectivity in Trees},
	Volume = {64},
	Year = {1997}}

@article{dl:06,
	Author = {Shiri Dori and Gad M. Landau},
	Bibsource = {DBLP, http://dblp.uni-trier.de},
	Ee = {http://dx.doi.org/10.1016/j.ipl.2005.11.019},
	Journal = {Inf. Process. Lett.},
	Number = {2},
	Pages = {66-72},
	Title = {{Construction of Aho Corasick automaton in linear time for integer alphabets}},
	Volume = {98},
	Year = {2006}}

@book{cr:94,
	Author = {Maxime Crochemore and Wojciech Rytter},
	Bibsource = {DBLP, http://dblp.uni-trier.de},
	Isbn = {0-19-508609-0},
	Publisher = {Oxford University Press},
	Title = {Text Algorithms},
	Year = {1994}}

@article{kspp:05,
	Author = {Dong Kyue Kim and Jeong Seop Sim and Heejin Park and Kunsoo Park},
	Bibsource = {DBLP, http://dblp.uni-trier.de},
	Ee = {http://dx.doi.org/10.1016/j.jda.2004.08.019},
	Journal = {J. Discrete Algorithms},
	Number = {2-4},
	Pages = {126-142},
	Title = {Constructing suffix arrays in linear time},
	Volume = {3},
	Year = {2005}}

@inproceedings{cikrw:10,
	Author = {Maxime Crochemore and Costas S. Iliopoulos and Marcin Kubica and Wojciech Rytter and Tomasz Walen},
	Bibsource = {DBLP, http://dblp.uni-trier.de},
	Booktitle = {SOFSEM},
	Crossref = {DBLP:conf/sofsem/2010},
	Ee = {http://dx.doi.org/10.1007/978-3-642-11266-9_25},
	Pages = {296-307},
	Title = {{Efficient Algorithms for Two Extensions of LPF Table: The Power of Suffix Arrays}},
	Year = {2010}}

@proceedings{DBLP:conf/sofsem/2010,
	Bibsource = {DBLP, http://dblp.uni-trier.de},
	Booktitle = {SOFSEM},
	Editor = {Jan van Leeuwen and Anca Muscholl and David Peleg and Jaroslav Pokorn{\'y} and Bernhard Rumpe},
	Ee = {http://dx.doi.org/10.1007/978-3-642-11266-9},
	Isbn = {978-3-642-11265-2},
	Publisher = {Springer},
	Series = {Lecture Notes in Computer Science},
	Title = {SOFSEM 2010: Theory and Practice of Computer Science, 36th Conference on Current Trends in Theory and Practice of Computer Science, Spindleruv Ml{\'y}n, Czech Republic, January 23-29, 2010. Proceedings},
	Volume = {5901},
	Year = {2010}}

@inproceedings{ciikrw:09,
	Author = {Maxime Crochemore and Lucian Ilie and Costas S. Iliopoulos and Marcin Kubica and Wojciech Rytter and Tomasz Walen},
	Bibsource = {DBLP, http://dblp.uni-trier.de},
	Booktitle = {IWOCA},
	Crossref = {DBLP:conf/iwoca/2009},
	Ee = {http://dx.doi.org/10.1007/978-3-642-10217-2_18},
	Pages = {158-169},
	Title = {{LPF Computation Revisited}},
	Year = {2009}}

@proceedings{DBLP:conf/iwoca/2009,
	Bibsource = {DBLP, http://dblp.uni-trier.de},
	Booktitle = {IWOCA},
	Editor = {Jir\'{\i} Fiala and Jan Kratochv\'{\i}l and Mirka Miller},
	Ee = {http://dx.doi.org/10.1007/978-3-642-10217-2},
	Isbn = {978-3-642-10216-5},
	Publisher = {Springer},
	Series = {Lecture Notes in Computer Science},
	Title = {Combinatorial Algorithms, 20th International Workshop, IWOCA 2009, Hradec nad Moravic\'{\i}, Czech Republic, June 28-July 2, 2009, Revised Selected Papers},
	Volume = {5874},
	Year = {2009}}

@inproceedings{kk:99,
	Author = {Roman M. Kolpakov and Gregory Kucherov},
	Bibsource = {DBLP, http://dblp.uni-trier.de},
	Booktitle = {FOCS},
	Ee = {http://computer.org/proceedings/focs/0409/04090596abs.htm},
	Pages = {596-604},
	Title = {Finding Maximal Repetitions in a Word in Linear Time},
	Year = {1999}}

@inproceedings{ds:87,
	Author = {Paul F. Dietz and Daniel Dominic Sleator},
	Bibsource = {DBLP, http://dblp.uni-trier.de},
	Booktitle = {STOC},
	Crossref = {DBLP:conf/stoc/STOC19},
	Pages = {365-372},
	Title = {{Two Algorithms for Maintaining Order in a List}},
	Year = {1987}}

@proceedings{DBLP:conf/stoc/STOC19,
	Bibsource = {DBLP, http://dblp.uni-trier.de},
	Booktitle = {STOC},
	Publisher = {ACM},
	Title = {Proceedings of the Nineteenth Annual ACM Symposium on Theory of Computing, 25-27 May 1987, New York City, NY, USA},
	Year = {1987}}

@article{tsakalidis:84,
	Author = {Athanasios K. Tsakalidis},
	Bibsource = {DBLP, http://dblp.uni-trier.de},
	Journal = {Acta Inf.},
	Pages = {101-112},
	Title = {{Maintaining Order in a Generalized Linked List}},
	Volume = {21},
	Year = {1984}}

@inproceedings{gk:04,
	Author = {Leszek Gasieniec and Roman M. Kolpakov},
	Bibsource = {DBLP, http://dblp.uni-trier.de},
	Booktitle = {CPM},
	Crossref = {DBLP:conf/cpm/2004},
	Ee = {http://springerlink.metapress.com/openurl.asp?genre=article{\&}issn=0302-9743{\&}volume=3109{\&}spage=117},
	Pages = {117-129},
	Title = {Real-Time String Matching in Sublinear Space},
	Year = {2004}}

@proceedings{DBLP:conf/cpm/2004,
	Bibsource = {DBLP, http://dblp.uni-trier.de},
	Booktitle = {CPM},
	Editor = {S{\"u}leyman Cenk Sahinalp and S. Muthukrishnan and Ugur Dogrus{\"o}z},
	Isbn = {3-540-22341-X},
	Publisher = {Springer},
	Series = {Lecture Notes in Computer Science},
	Title = {Combinatorial Pattern Matching, 15th Annual Symposium, CPM 2004, Istanbul,Turkey, July 5-7, 2004, Proceedings},
	Volume = {3109},
	Year = {2004}}

@article{gpr-zooming:95,
	Author = {Leszek Gasieniec and Wojciech Plandowski and Wojciech Rytter},
	Bibsource = {DBLP, http://dblp.uni-trier.de},
	Ee = {http://dx.doi.org/10.1016/0304-3975(94)00249-I},
	Journal = {Theor. Comput. Sci.},
	Number = {1{\&}2},
	Pages = {19-30},
	Title = {The Zooming Method: A Recursive Approach to Time-Space Efficient String-Matching},
	Volume = {147},
	Year = {1995}}

@inproceedings{gpr-sampling:95,
	Author = {Leszek Gasieniec and Wojciech Plandowski and Wojciech Rytter},
	Bibsource = {DBLP, http://dblp.uni-trier.de},
	Booktitle = {CPM},
	Pages = {78-89},
	Title = {Constant-Space String Matching with Smaller Number of Comparisons: Sequential Sampling},
	Year = {1995}}

@article{sg:77,
	Author = {Joel I. Seiferas and Zvi Galil},
	Bibsource = {DBLP, http://dblp.uni-trier.de},
	Journal = {Mathematical Systems Theory},
	Pages = {111-146},
	Title = {Real-Time Recognition of Substring Repetition and Reversal},
	Volume = {11},
	Year = {1977}}

@article{bjj:97,
	Author = {Dany Breslauer and Tao Jiang and Zhigen Jiang},
	Bibsource = {DBLP, http://dblp.uni-trier.de},
	Journal = {J. Algorithms},
	Number = {2},
	Pages = {340-353},
	Title = {Rotations of Periodic Strings and Short Superstrings},
	Volume = {24},
	Year = {1997}}

@article{dkkll:04,
	Author = {Jean-Pierre Duval and Roman Kolpakov and Gregory Kucherov and Thierry Lecroq and Arnaud Lefebvre},
	Bibsource = {DBLP, http://dblp.uni-trier.de},
	Ee = {http://dx.doi.org/10.1016/j.tcs.2004.06.024},
	Journal = {Theor. Comput. Sci.},
	Number = {1-3},
	Pages = {229-240},
	Title = {Linear-time computation of local periods},
	Volume = {326},
	Year = {2004}}

@article{jl:96,
	Author = {Tao Jiang and Ming Li},
	Bibsource = {DBLP, http://dblp.uni-trier.de},
	Journal = {J. Comput. Syst. Sci.},
	Number = {3},
	Pages = {513-524},
	Title = {K One-Way Heads Cannot Do String-Matching},
	Volume = {53},
	Year = {1996}}

@inproceedings{bp:04,
	Author = {Zachary K. Baker and Viktor K. Prasanna},
	Bibsource = {DBLP, http://dblp.uni-trier.de},
	Booktitle = {FPGA},
	Crossref = {DBLP:conf/fpga/2004},
	Ee = {http://doi.acm.org/10.1145/968280.968312},
	Pages = {223-232},
	Title = {{Time and area efficient pattern matching on FPGAs}},
	Year = {2004}}

@proceedings{DBLP:conf/fpga/2004,
	Bibsource = {DBLP, http://dblp.uni-trier.de},
	Booktitle = {FPGA},
	Editor = {Russell Tessier and Herman Schmit},
	Isbn = {1-58113-829-6},
	Publisher = {ACM},
	Title = {Proceedings of the ACM/SIGDA 12th International Symposium on Field Programmable Gate Arrays, FPGA 2004, Monterey, California, USA, February 22-24, 2004},
	Year = {2004}}

@article{gs:04,
	Author = {Dan Gusfield and Jens Stoye},
	Bibsource = {DBLP, http://dblp.uni-trier.de},
	Ee = {http://dx.doi.org/10.1016/j.jcss.2004.03.004},
	Journal = {J. Comput. Syst. Sci.},
	Number = {4},
	Pages = {525-546},
	Title = {Linear time algorithms for finding and representing all the tandem repeats in a string},
	Volume = {69},
	Year = {2004}}

@article{mm:93,
	Author = {Udi Manber and Eugene W. Myers},
	Bibsource = {DBLP, http://dblp.uni-trier.de},
	Journal = {SIAM J. Comput.},
	Number = {5},
	Pages = {935-948},
	Title = {Suffix Arrays: A New Method for On-Line String Searches},
	Volume = {22},
	Year = {1993}}

@book{berstel-book:79,
	Author = {Jean Berstel},
	Note = {Revised version is available electronically as http://www-igm.univ-mlv.fr/~berstel/LivreTransductions/LivreTransductions14dec2009.pdf},
	Publisher = {Teubner-Verlag},
	Title = {{Transductions and Context-Free Languages}},
	Year = {1979}}

@inproceedings{shibuya:99,
	Author = {Tetsuo Shibuya},
	Bibsource = {DBLP, http://dblp.uni-trier.de},
	Booktitle = {ISAAC},
	Crossref = {DBLP:conf/isaac/1999},
	Ee = {http://dx.doi.org/10.1007/3-540-46632-0_24},
	Pages = {225-236},
	Title = {Constructing the Suffix Tree of a Tree with a Large Alphabet},
	Year = {1999}}

@proceedings{DBLP:conf/isaac/1999,
	Bibsource = {DBLP, http://dblp.uni-trier.de},
	Booktitle = {ISAAC},
	Editor = {Alok Aggarwal and C. Pandu Rangan},
	Isbn = {3-540-66916-7},
	Publisher = {Springer},
	Series = {Lecture Notes in Computer Science},
	Title = {Algorithms and Computation, 10th International Symposium, ISAAC '99, Chennai, India, December 16-18, 1999, Proceedings},
	Volume = {1741},
	Year = {1999}}

@inproceedings{bcdfz:02,
	Author = {Michael A. Bender and Richard Cole and Erik D. Demaine and Martin Farach-Colton and Jack Zito},
	Bibsource = {DBLP, http://dblp.uni-trier.de},
	Booktitle = {ESA},
	Crossref = {DBLP:conf/esa/2002},
	Ee = {http://link.springer.de/link/service/series/0558/bibs/2461/24610152.htm},
	Pages = {152-164},
	Title = {Two Simplified Algorithms for Maintaining Order in a List},
	Year = {2002}}

@proceedings{DBLP:conf/esa/2002,
	Bibsource = {DBLP, http://dblp.uni-trier.de},
	Booktitle = {ESA},
	Editor = {Rolf H. M{\"o}hring and Rajeev Raman},
	Isbn = {3-540-44180-8},
	Publisher = {Springer},
	Series = {Lecture Notes in Computer Science},
	Title = {Algorithms - ESA 2002, 10th Annual European Symposium, Rome, Italy, September 17-21, 2002, Proceedings},
	Volume = {2461},
	Year = {2002}}

@article{sllm:10,
	Author = {Mika{\"e}l Salson and Thierry Lecroq and Martine L{\'e}onard and Laurent Mouchard},
	Bibsource = {DBLP, http://dblp.uni-trier.de},
	Ee = {http://dx.doi.org/10.1016/j.jda.2009.02.007},
	Journal = {J. Discrete Algorithms},
	Number = {2},
	Pages = {241-257},
	Title = {Dynamic extended suffix arrays},
	Volume = {8},
	Year = {2010}}

@article{sllm:09,
	Author = {Mika{\"e}l Salson and Thierry Lecroq and Martine L{\'e}onard and Laurent Mouchard},
	Bibsource = {DBLP, http://dblp.uni-trier.de},
	Ee = {http://dx.doi.org/10.1016/j.tcs.2009.07.016},
	Journal = {Theor. Comput. Sci.},
	Number = {43},
	Pages = {4350-4359},
	Title = {A four-stage algorithm for updating a Burrows-Wheeler transform},
	Volume = {410},
	Year = {2009}}

@inproceedings{cp:09,
	Author = {Hagai Cohen and Ely Porat},
	Bibsource = {DBLP, http://dblp.uni-trier.de},
	Booktitle = {ISAAC},
	Crossref = {DBLP:conf/isaac/2009},
	Ee = {http://dx.doi.org/10.1007/978-3-642-10631-6_105},
	Pages = {1044-1053},
	Title = {Range Non-overlapping Indexing},
	Year = {2009}}

@proceedings{DBLP:conf/isaac/2009,
	Bibsource = {DBLP, http://dblp.uni-trier.de},
	Booktitle = {ISAAC},
	Editor = {Yingfei Dong and Ding-Zhu Du and Oscar H. Ibarra},
	Ee = {http://dx.doi.org/10.1007/978-3-642-10631-6},
	Isbn = {978-3-642-10630-9},
	Publisher = {Springer},
	Series = {Lecture Notes in Computer Science},
	Title = {Algorithms and Computation, 20th International Symposium, ISAAC 2009, Honolulu, Hawaii, USA, December 16-18, 2009. Proceedings},
	Volume = {5878},
	Year = {2009}}

@unpublished{seiferas:undated,
	Author = {Joel Seiferas},
	Note = {Manuscript},
	Title = {{Subword Trees}},
	Year = {undated}}

@inproceedings{fg:04,
	Author = {Gianni Franceschini and Roberto Grossi},
	Bibsource = {DBLP, http://dblp.uni-trier.de},
	Booktitle = {ICALP},
	Crossref = {DBLP:conf/icalp/2004},
	Ee = {http://springerlink.metapress.com/openurl.asp?genre=article{\&}issn=0302-9743{\&}volume=3142{\&}spage=606},
	Pages = {606-617},
	Title = {A General Technique for Managing Strings in Comparison-Driven Data Structures},
	Year = {2004}}

@proceedings{DBLP:conf/icalp/2004,
	Bibsource = {DBLP, http://dblp.uni-trier.de},
	Booktitle = {ICALP},
	Editor = {Josep D\'{\i}az and Juhani Karhum{\"a}ki and Arto Lepist{\"o} and Donald Sannella},
	Isbn = {3-540-22849-7},
	Publisher = {Springer},
	Series = {Lecture Notes in Computer Science},
	Title = {Automata, Languages and Programming: 31st International Colloquium, ICALP 2004, Turku, Finland, July 12-16, 2004. Proceedings},
	Volume = {3142},
	Year = {2004}}

@inproceedings{gi:99,
	Author = {Roberto Grossi and Giuseppe F. Italiano},
	Bibsource = {DBLP, http://dblp.uni-trier.de},
	Booktitle = {ICALP},
	Crossref = {DBLP:conf/icalp/99},
	Ee = {http://dx.doi.org/10.1007/3-540-48523-6_34},
	Pages = {372-381},
	Title = {Efficient Techniques for Maintaining Multidimensional Keys in Linked Data Structures},
	Year = {1999}}

@proceedings{DBLP:conf/icalp/99,
	Bibsource = {DBLP, http://dblp.uni-trier.de},
	Editor = {Jir\'{\i} Wiedermann and Peter van Emde Boas and Mogens Nielsen},
	Isbn = {3-540-66224-3},
	Publisher = {Springer},
	Series = {Lecture Notes in Computer Science},
	Title = {Automata, Languages and Programming, 26th International Colloquium, ICALP'99, Prague, Czech Republic, July 11-15, 1999, Proceedings},
	Volume = {1644},
	Year = {1999}}

@article{alu:02,
	Author = {Amihood Amir and Gad M. Landau and Esko Ukkonen},
	Bibsource = {DBLP, http://dblp.uni-trier.de},
	Ee = {http://dx.doi.org/10.1016/S0020-0190(01)00275-7},
	Journal = {Inf. Process. Lett.},
	Number = {5},
	Pages = {253-259},
	Title = {Online timestamped text indexing},
	Volume = {82},
	Year = {2002}}

@inproceedings{fnv:09,
	Author = {Paolo Ferragina and Igor Nitto and Rossano Venturini},
	Bibsource = {DBLP, http://dblp.uni-trier.de},
	Booktitle = {SODA},
	Crossref = {DBLP:conf/soda/2009},
	Ee = {http://doi.acm.org/10.1145/1496770.1496854},
	Pages = {768-777},
	Title = {On the bit-complexity of Lempel-Ziv compression},
	Year = {2009}}

@proceedings{DBLP:conf/soda/2009,
	Bibsource = {DBLP, http://dblp.uni-trier.de},
	Booktitle = {SODA},
	Editor = {Claire Mathieu},
	Publisher = {SIAM},
	Title = {Proceedings of the Twentieth Annual ACM-SIAM Symposium on Discrete Algorithms, SODA 2009, New York, NY, USA, January 4-6, 2009},
	Year = {2009}}

@inproceedings{dr:91,
	Author = {Paul F. Dietz and Rajeev Raman},
	Bibsource = {DBLP, http://dblp.uni-trier.de},
	Booktitle = {SODA},
	Ee = {http://doi.acm.org/10.1145/127787.127809},
	Pages = {78-88},
	Title = {Persistence, Amortization and Randomization},
	Year = {1991}}

@article{ci:08,
	Author = {Maxime Crochemore and Lucian Ilie},
	Bibsource = {DBLP, http://dblp.uni-trier.de},
	Ee = {http://dx.doi.org/10.1016/j.ipl.2007.10.006},
	Journal = {Inf. Process. Lett.},
	Number = {2},
	Pages = {75-80},
	Title = {Computing Longest Previous Factor in linear time and applications},
	Volume = {106},
	Year = {2008}}

@inproceedings{bille:09,
	Author = {Philip Bille},
	Bibsource = {DBLP, http://dblp.uni-trier.de},
	Booktitle = {CPM},
	Crossref = {DBLP:conf/cpm/2009},
	Ee = {http://dx.doi.org/10.1007/978-3-642-02441-2_11},
	Pages = {116-126},
	Title = {{Fast Searching in Packed Strings}},
	Year = {2009}}

@proceedings{DBLP:conf/cpm/2009,
	Bibsource = {DBLP, http://dblp.uni-trier.de},
	Booktitle = {CPM},
	Editor = {Gregory Kucherov and Esko Ukkonen},
	Ee = {http://dx.doi.org/10.1007/978-3-642-02441-2},
	Isbn = {978-3-642-02440-5},
	Publisher = {Springer},
	Series = {Lecture Notes in Computer Science},
	Title = {Combinatorial Pattern Matching, 20th Annual Symposium, CPM 2009, Lille, France, June 22-24, 2009, Proceedings},
	Volume = {5577},
	Year = {2009}}

@inproceedings{belazzougui:10,
	Author = {D. Belazzougui},
	Booktitle = {Proceedings of the 21st International Workshop On Combinatorial Algorithms (IWOCA)},
	Pages = {90-102},
	Title = {{Worst Case Efficient Single and Multiple String Matching in the RAM Model}},
	Year = {2010}}

@proceedings{DBLP:conf/iwoca/2010,
	Bibsource = {DBLP, http://dblp.uni-trier.de},
	Booktitle = {IWOCA},
	Editor = {Costas S. Iliopoulos and William F. Smyth},
	Ee = {http://dx.doi.org/10.1007/978-3-642-19222-7},
	Isbn = {978-3-642-19221-0},
	Publisher = {Springer},
	Series = {Lecture Notes in Computer Science},
	Title = {Combinatorial Algorithms - 21st International Workshop, IWOCA 2010, London, UK, July 26-28, 2010, Revised Selected Papers},
	Volume = {6460},
	Year = {2011}}

@article{is-canonical:92,
	Author = {C. S. Iliopoulos and W. F. Smyth},
	Journal = {Theor. Comput. Sci.},
	Number = {1},
	Pages = {87-105},
	Title = {{Optimal Algorithms for Computing the canonical form of a circular string}},
	Volume = {92},
	Year = {1992}}

@article{dis:94,
	Author = {J. W. Daykin and C. S. Iliopoulos and Wc F. Smyth},
	Journal = {Theor. Comput. Sci.},
	Number = {1},
	Pages = {53-67},
	Title = {{Parallel RAM Algorithms for Factorizing Words}},
	Volume = {127},
	Year = {1994}}

@article{ac:91,
	Author = {A. Apostolico and M. Crochemore},
		Journal = {Inf. Comput.},
	Number = {1},
	Pages = {76-95},
	Title = {{Optimal Canonization of All Substrings of a String}},
	Volume = {95},
	Year = {1991}}

@inproceedings{mp:94,
	Author = {S. Muthukrishnan and K. V. Palem},
	Booktitle = {Proceedings of the 26th Annual ACM Symposium on Theory of Computing (STOC)},
	Pages = {770-779},
	Title = {{Non-standard stringology: algorithms and complexity}},
	Year = {1994}}

@article{mr:95,
	Author = {S. Muthukrishnan and H. Ramesh},
	Bibsource = {DBLP, http://dblp.uni-trier.de},
	Journal = {Inf. Comput.},
	Number = {1},
	Pages = {140-148},
	Title = {{String Matching Under a General Matching Relation}},
	Volume = {122},
	Year = {1995}}

@article{fss:84,
  author    = {M. L. Furst and
               J. B. Saxe and
               M. Sipser},
  title     = {Parity, Circuits, and the Polynomial-Time Hierarchy},
  journal   = {Mathematical Systems Theory},
  volume    = {17},
  number    = {1},
  year      = {1984},
  pages     = {13-27}}


@techreport{FL2011,
	Author = {S. Faro and T. Lecroq},
	Institution = {{arXiv}, Cornell University Library},
	Number = {0810.2390},
	Title = {The Exact String Matching Problem: a Comprehensive Experimental Evaluation Report},
	Year = {2011},
        Note = {\url{http://arxiv.org/abs/1012.2547}},
}


@techreport{faith,
	Author = {F. E. Fich},
	Title = {Constant Time Operations for Words of Length w},
	Institution = {University of Toronto},
	Year = {1999},
        Note = {\url{http://www.cs.toronto.edu/~faith/algs.ps}},
}


@Article{Rytter03a,
  title =	"On maximal suffixes, constant-space linear-time
		 versions of {KMP} algorithm",
  author =	"W. Rytter",
  journal =	"Theor. Comput. Sci",
  year = 	"2003",
  number =	"299",
  volume =	"1-3",
  pages =	"763--774",
}

@book{intel-avx:11,
	Author = {Intel},
	Publisher = {Intel Corporation},
	Title = {{Intel{\textregistered} Advanced Vector Extensions Programming Reference}},
	Year = {2011},
         NoNote = {\url{http://software.intel.com/en-us/avx/}},
}

@book{amd-avx:11,
	Author = {AMD},
	Publisher = {AMD Corporation},
	Title = {{AMD64{\textregistered} Architecture Programmer’s Manual Volume 4: 128-Bit and 256-Bit Media Instructions}},
	Year = {2011}
}

@book{amd-optimization:11,
	Author = {AMD},
	Publisher = {AMD Corporation},
	Title = {{Software Optimization Guide for AMD Family 15h Processors}},
	Year = {2011}
}

@article{tp:97,
  author    = {J. Tarhio and
               H. Peltola},
  title     = {String Matching in the DNA Alphabet},
  journal   = {Software Practice  Experience },
  volume    = {27},
  number    = {7},
  year      = {1997},
  pages     = {851-861},
}

@inproceedings{akp:07,
  author    = {Amihood Amir and
               Oren Kapah and
               Ely Porat},
  title     = {Deterministic Length Reduction: Fast Convolution in Sparse
               Data and Applications},
  booktitle = {CPM},
  year      = {2007},
  pages     = {183-194},
  ee        = {http://dx.doi.org/10.1007/978-3-540-73437-6_20},
  crossref  = {DBLP:conf/cpm/2007},
  bibsource = {DBLP, http://dblp.uni-trier.de}
}

@proceedings{DBLP:conf/cpm/2007,
  editor    = {Bin Ma and
               Kaizhong Zhang},
  title     = {Combinatorial Pattern Matching, 18th Annual Symposium, CPM
               2007, London, Canada, July 9-11, 2007, Proceedings},
  booktitle = {CPM},
  publisher = {Springer},
  series    = {Lecture Notes in Computer Science},
  volume    = {4580},
  year      = {2007},
  isbn      = {978-3-540-73436-9},
  bibsource = {DBLP, http://dblp.uni-trier.de}
}

@inproceedings{fh:10,
  author    = {Gianni Franceschini and
               Torben Hagerup},
  title     = {Finding the Maximum Suffix with Fewer Comparisons},
  booktitle = {CIAC},
  year      = {2010},
  pages     = {323-334},
  ee        = {http://dx.doi.org/10.1007/978-3-642-13073-1_29},
  crossref  = {DBLP:conf/ciac/2010},
  bibsource = {DBLP, http://dblp.uni-trier.de}
}

@proceedings{DBLP:conf/ciac/2010,
  editor    = {Tiziana Calamoneri and
               Josep D\'{\i}az},
  title     = {Algorithms and Complexity, 7th International Conference,
               CIAC 2010, Rome, Italy, May 26-28, 2010. Proceedings},
  booktitle = {CIAC},
  publisher = {Springer},
  series    = {Lecture Notes in Computer Science},
  volume    = {6078},
  year      = {2010},
  isbn      = {978-3-642-13072-4},
  ee        = {http://dx.doi.org/10.1007/978-3-642-13073-1},
  bibsource = {DBLP, http://dblp.uni-trier.de}
}

@article{yao:79,
  author    = {Andrew Chi-Chih Yao},
  title     = {The Complexity of Pattern Matching for a Random String},
  journal   = {SIAM J. Comput.},
  volume    = {8},
  number    = {3},
  year      = {1979},
  pages     = {368-387},
  ee        = {http://dx.doi.org/10.1137/0208029},
  bibsource = {DBLP, http://dblp.uni-trier.de}
}

@inproceedings{nr:98,
  author    = {Gonzalo Navarro and
               Mathieu Raffinot},
  title     = {A Bit-Parallel Approach to Suffix Automata: Fast Extended
               String Matching},
  booktitle = {CPM},
  year      = {1998},
  pages     = {14-33},
  ee        = {http://dx.doi.org/10.1007/BFb0030778},
  crossref  = {DBLP:conf/cpm/1998},
  bibsource = {DBLP, http://dblp.uni-trier.de}
}

@proceedings{DBLP:conf/cpm/1998,
  editor    = {Martin Farach-Colton},
  title     = {Combinatorial Pattern Matching, 9th Annual Symposium, CPM
               98, Piscataway, New Jersey, USA, July 20-22, 1998, Proceedings},
  booktitle = {CPM},
  publisher = {Springer},
  series    = {Lecture Notes in Computer Science},
  volume    = {1448},
  year      = {1998},
  isbn      = {3-540-64739-2},
  bibsource = {DBLP, http://dblp.uni-trier.de}
}

@article{ch:02,
  author    = {Richard Cole and
               Ramesh Hariharan},
  title     = {Approximate String Matching: A Simpler Faster Algorithm},
  journal   = {SIAM J. Comput.},
  volume    = {31},
  number    = {6},
  year      = {2002},
  pages     = {1761-1782},
  ee        = {http://dx.doi.org/10.1137/S0097539700370527},
  bibsource = {DBLP, http://dblp.uni-trier.de}
}

